3925 5784
677 743 850 792 tununnrcu
875 744 955 791 rnna
980 743 1134 791 arcannm
1156 743 1289 811 casura.
1454 723 1458 731 ’
1502 725 1568 793 269

397 863 629 946 napuitudirres
649 880 713 929 uon
731 871 930 941 moveamur,
952 863 1007 928 sed
1024 872 1150 928 tautum
1166 870 1308 947 respectu
1324 862 1480 927 librarum
1498 862 1571 941 AB,

395 976 447 1039 ttA
474 978 603 1040 iucerso
631 975 741 1039 ordine
763 975 1001 1041 considerentur
1034 974 1224 1057 dispositae:
1257 989 1361 1055 qnare
1390 972 1420 1037 X
1450 971 1574 1038 dividit

395 1087 493 1151 libras
519 1086 597 1160 ΒΑ,
621 1085 679 1149 Al)
702 1086 764 1150 sub
788 1085 904 1149 endem
930 1084 1083 1149 ratione:
1102 1086 1149 1149 ita
1173 1089 1211 1149 nt
1234 1084 1320 1149 sicul
1343 1081 1401 1148 ΒΧ
1424 1082 1467 1147 ad
1491 1081 1575 1159 ΧΑ,

394 1196 436 1258 ita
461 1196 526 1259 ΧΑ
549 1196 590 1258 ad
614 1194 698 1267 XDc
731 1210 835 1273 quare
858 1192 916 1257 ux
940 1192 1042 1274 dupla
1067 1196 1118 1255 est
1143 1190 1246 1272 ipsius
1270 1190 1330 1254 xa
1352 1206 1395 1254 ex
1418 1189 1574 1255 lemmate

396 1320 495 1385 snpra
521 1300 853 1383 pastorinanum
877 1300 1095 1383 probandum.
1614 1294 1616 1298 ’

855 1461 1046 1536 Pronosrrm
1069 1468 1107 1532 ll.

481 1629 522 1696 Si
537 1628 668 1695 >concidi
687 1628 868 1713 parabolica
890 1631 995 1712 ppura
1018 1626 1233 1699 inscribatur,
1252 1632 1281 1688 ct
1303 1625 1406 1689 altera
1434 1623 1577 1688 circum-

392 1740 551 1804 scribatur
575 1755 616 1802 cu
638 1736 788 1819 cylindris
811 1736 973 1820 aequalem
997 1733 1200 1798 altitudinem
1219 1732 1426 1804 labentibus,
1449 1740 1479 1796 et
1501 1731 1572 1796 auis

393 1847 466 1911 dicti
489 1846 632 1911 mucidis
656 1844 826 1919 dividatur,
853 1845 901 1908 ita
924 1852 962 1907 ut
980 1846 1059 1925 pars
1083 1841 1126 1905 ad
1143 1840 1291 1904 uerticem
1306 1840 1411 1922 partis
1428 1838 1471 1903 ud
1486 1838 1576 1903 traria

391 1958 430 2019 sit
462 1954 585 2037 dupla:
618 1962 771 2043 centrum·
794 1952 961 2033 arduitatis
992 1951 1162 2031 inscriptae
1184 1951 1306 2033 pipurae
1330 1948 1399 2012 lati
1419 1948 1574 2029 portianis

394 2064 474 2128 dicto
498 2072 620 2145 puncta
642 2061 803 2127 diuisiouis
828 2061 889 2124 erit
908 2058 1141 2142 propinquius:
1164 2063 1307 2122 centrum
1331 2062 1440 2119 autem
1463 2056 1575 2136 praci-

365 2149 367 2154 ⁷
394 2173 465 2235 tatis
504 2170 760 2251 circumscriptae
783 2186 803 2232 a
828 2167 896 2232 iusi
919 2166 1056 2232 couoidis
1072 2166 1175 2231 eodem
1190 2173 1312 2250 puncto
1327 2164 1386 2228 erit
1404 2164 1578 2235 remotius,-

393 2282 514 2363 eritpue
549 2288 757 2362 utrorumque
783 2287 1007 2344 ceutroruma
1034 2276 1089 2342 tali
1108 2286 1230 2361 puucto
1253 2277 1407 2342 distautia
1428 2278 1570 2359 aequalis

395 2389 510 2467 lineae,
532 2407 614 2473 puae
637 2390 680 2454 sit
701 2405 777 2471 pars
800 2394 892 2454 scuta
913 2386 1094 2452 altitudinis
1116 2388 1218 2451 utrius
1235 2385 1383 2469 cylindri,
1397 2404 1439 2451 ecc
1456 2386 1571 2470 quidm

393 2504 515 2585 ppurae
538 2510 694 2566 coustant.

484 2612 535 2679 Sit
558 2611 672 2694 itaque
693 2612 866 2676 conoldale
888 2612 1115 2695 parabolicum
1141 2607 1234 2698 (Εἰς,
1252 2608 1345 2697 128),
1368 2614 1401 2674 et
1424 2610 1569 2695 figurae,

396 2720 513 2801 quales
535 2720 645 2785 dictae
668 2726 765 2793 sunt,
790 2720 895 2785 altera
910 2721 953 2785 sit
969 2722 1151 2803 inscripta,
1174 2721 1279 2785 alteru
1302 2720 1571 2801 circumscripte,

396 2834 428 2892 et
451 2829 527 2893 axis
550 2830 710 2906 concidis,
732 2832 789 2912 qui
808 2832 851 2896 sit
868 2832 936 2908 All,
952 2831 1123 2898 dividatur
1145 2833 1178 2897 in
1203 2832 1242 2905 N,
1267 2834 1315 2896 ita
1339 2839 1377 2896 nt
1398 2833 1458 2899 AN
1474 2833 1577 2916 ipsias

396 2938 452 3004 NE
476 2940 522 3004 sit
546 2941 657 3022 dupla.
680 2928 926 3008 Osiendcndnm
946 2947 1007 3014 est,
1027 2947 1179 3008 centrum
1202 2942 1380 3025 gravitatis
1399 2943 1579 3024 inscriptae

399 3046 528 3131 ligures
550 3064 621 3113 esso
643 3050 678 3114 in
703 3050 789 3114 linea
811 3049 880 3125 NE,
903 3051 1176 3133 circumscriptae
1199 3057 1311 3116 autem
1334 3057 1489 3116 centrum
1509 3067 1581 3117 esse

398 3156 431 3220 in
453 3155 527 3222 AN.
553 3156 712 3223 Secentur
734 3157 861 3239 figurae
883 3160 930 3223 ita
953 3160 1132 3241 dispositae
1156 3159 1255 3241 piano
1278 3177 1335 3242 per
1358 3176 1469 3237 axem,
1487 3166 1521 3223 et
1536 3159 1579 3223 sit

398 3266 502 3330 sectio
526 3268 702 3348 parabolae
725 3267 831 3343 nam
854 3268 942 3349 plani
967 3273 1080 3332 autem
1102 3268 1254 3340 secantis,
1271 3273 1304 3347 et
1319 3268 1411 3332 basis
1430 3267 1580 3333 concidis

397 3375 501 3440 sectio
523 3375 568 3440 sit
591 3376 643 3443 BG
668 3376 753 3440 linea
770 3395 779 3451 3
801 3376 1030 3460 cylindrorum
1048 3382 1161 3442 autem
1180 3377 1344 3443 sectiones
1363 3377 1429 3443 sint
1447 3381 1580 3441 rectan-

399 3484 495 3568 gnlae
518 3484 668 3569 figurae:
694 3492 733 3551 ut
757 3487 791 3550 in
816 3487 1037 3569 descriptione
1060 3491 1221 3570 apparet:
1244 3489 1370 3569 primns
1391 3488 1505 3569 itaque
1521 3505 1582 3569 cy-

398 3593 525 3660 lindrus
549 3595 797 3678 inscriptorum,
818 3597 914 3681 culus
937 3596 1013 3661 axis
1035 3601 1084 3663 est
1106 3597 1173 3671 DE,
1199 3597 1242 3662 nd
1257 3597 1460 3680 cylindrum,
1483 3596 1579 3680 cujus

398 3708 468 3771 axis
493 3709 544 3770 est
566 3705 637 3779 ΒΥ,
660 3707 802 3771 eandem
823 3706 922 3771 habet
941 3709 1105 3772 rationem
1122 3724 1223 3788 quarn
1240 3707 1444 3789 quadratum
1462 3704 1520 3771 OD
1535 3703 1578 3767 ed

397 3814 597 3893 quadratum
621 3813 684 3888 SY,
710 3815 772 3878 troc
795 3820 855 3887 est,
880 3833 981 3897 quam
1007 3816 1065 3880 DA
1089 3817 1131 3881 ad
1156 3818 1240 3881 AY:
1264 3816 1438 3898 cylindrus
1463 3819 1574 3879 antem

396 3922 491 4006 cujas
513 3923 588 3986 exis
611 3928 661 3986 est
682 3922 741 3987 DY
764 3921 806 3986 ad
829 3923 1019 4006 cylindrum
1041 3924 1095 3990 YZ
1119 3931 1169 3989 est
1193 3930 1229 3989 ut
1249 3924 1301 3991 SY
1317 3923 1360 3987 ad
1379 3922 1433 3988 ΒΖ
1456 3928 1572 4004 paten-

398 4030 463 4102 tia:
488 4029 553 4094 ltoc
577 4037 626 4093 cst
649 4035 686 4093 nt
708 4029 769 4093 YA
792 4030 834 4093 nd
857 4029 922 4105 ΑΖ,
945 4037 978 4095 et
996 4030 1111 4096 eadem
1129 4032 1256 4096 ratione
1276 4030 1461 4115 cylindrus,
1480 4032 1576 4115 cujas

393 4141 469 4206 axis
493 4148 544 4205 cst
567 4140 633 4218 ZY,
655 4138 697 4203 ad
720 4141 934 4225 cnm,cu1ns
957 4129 1031 4207 artis
1054 4146 1112 4205 est·
1128 4141 1204 4219 ZV,
1226 4146 1276 4207 est
1298 4148 1337 4205 ut
1361 4140 1415 4206 ΖΑ
1437 4140 1481 4205 ad
1504 4123 1575 4219 AV,

397 4250 476 4315 dicti
495 4249 609 4331 itaque
623 4249 766 4332 cylindri
788 4255 866 4315 sunt
880 4250 968 4315 inter
984 4267 1020 4315 se
1038 4255 1076 4314 ut
1093 4251 1200 4316 lineae
1221 4251 1290 4323 DA,
1306 4250 1391 4322 ΑΥ;
1414 4249 1477 4322 ΖΑ,
1497 4251 1574 4315 AV:

398 4355 479 4422 istae
500 4363 613 4422 nutem
636 4361 713 4421 sunt
736 4374 807 4423 sese
829 4359 1012 4441 aequaliter
1035 4358 1252 4436 excedentes,
1279 4362 1313 4422 et
1341 4361 1391 4423 est
1414 4356 1570 4423 excessus

399 4467 546 4549 aequalis
580 4467 762 4543 minimae,
783 4468 833 4532 ita
854 4474 894 4532 nt
917 4469 969 4534 ΑΖ
994 4468 1095 4551 dupla
1118 4470 1161 4533 sit
1182 4469 1225 4533 ad
1248 4471 1328 4544 AV3
1361 4469 1422 4533 AY
1457 4476 1572 4534 autem

399 4574 542 4657 eiusdem
565 4582 615 4641 est
638 4577 748 4659 tripla,
772 4583 806 4642 et
829 4578 888 4643 DA
910 4580 1116 4661 quadrupla;
1138 4583 1214 4645 sant
1236 4581 1341 4663 igitur
1365 4582 1444 4646 dicii
1461 4582 1570 4666 cylin-

401 4681 446 4746 dri
471 4684 717 4768 magnitudines
740 4686 902 4767 qnacdam
926 4704 997 4752 sese
1026 4687 1236 4754 adinvicem
1260 4691 1444 4772 aequaliter
1468 4708 1567 4754 exce·

403 4790 536 4865 dentes.
572 4814 712 4876 quarum
736 4814 891 4862 excessus
914 4806 1098 4880 aequantur
1121 4818 1234 4865 earum
1264 4801 1444 4877 minimae,
1468 4807 1498 4865 ct
1522 4806 1574 4865 est
