3925 5784
394 711 459 773 rou
700 725 848 771 nrreoour
871 726 974 771 neuun
999 725 1102 773 nuovn
1126 726 1252 773 screnzu

267 859 275 867 ·
393 849 630 913 horizontalem
661 868 718 932 per
741 849 765 915 G
791 848 998 931 productam.
1023 848 1165 930 Indeque
1187 849 1343 931 colligere
1372 863 1571 929 possumus,

394 956 490 1037 quod,
514 957 541 1020 si
566 958 599 1019 iu
624 957 775 1038 apposita
799 956 907 1039 figura
929 962 1003 1037 post
1024 957 1219 1021 descensum
1244 974 1300 1039 per
1319 957 1456 1040 planum
1472 956 1573 1019 incli-

395 1073 511 1131 natum
537 1067 591 1133 AC
616 1066 675 1128 ilat
699 1066 835 1129 rellexin
860 1067 1062 1147 pertineam
1087 1065 1336 1138 bbriscutnlem,
1359 1065 1468 1147 qualis
1488 1069 1574 1126 esset

394 1175 455 1248 CT,
480 1176 635 1256 spatium,
653 1179 799 1256 tempore
816 1174 946 1254 aequali
976 1174 1115 1256 tempori
1142 1176 1316 1239 descensus
1341 1191 1398 1256 per
1424 1173 1491 1246 AC,
1517 1189 1573 1253 per

394 1283 483 1364 quod
505 1281 627 1347 mobile
650 1290 888 1363 consequenter
913 1289 1113 1357 moveretur,
1136 1288 1221 1346 esset
1244 1281 1380 1363 duplum
1399 1282 1498 1362 spatii
1518 1279 1572 1345 AC

395 1400 520 1457 erecte.
544 1392 684 1457 Videtur
707 1395 818 1456 autem
841 1396 874 1453 et
893 1391 947 1454 bic
971 1391 1217 1455 accommodari
1235 1389 1418 1454 consimilis
1437 1390 1573 1452 ratioci-

395 1506 497 1570 natio.
523 1506 667 1584 Apparet
691 1503 779 1565 enim
799 1519 840 1564 ex
864 1518 914 1575 eo,
937 1518 1015 1564 curn
1034 1499 1090 1565 OE
1116 1500 1157 1563 ad
1182 1500 1236 1563 EF
1256 1500 1298 1563 sit
1318 1504 1353 1562 ut
1373 1499 1426 1561 Fu
1446 1498 1491 1561 ad
1508 1497 1573 1573 EC,

397 1618 505 1697 ipsam
522 1612 573 1679 FC
592 1611 810 1677 determinare
828 1617 955 1691 tempus
974 1627 1030 1691 per
1047 1608 1226 1687 (10:0uod
1246 1610 1272 1672 si
1291 1625 1366 1689 pars
1382 1607 1575 1671 horizonta·

395 1725 437 1788 lis
455 1723 519 1794 TC,
536 1722 635 1803 dupla
653 1719 720 1793 CA,
737 1720 846 1784 divisa
863 1720 916 1801 sit,
933 1719 1086 1784 bilariam
1109 1720 1142 1781 in
1163 1718 1190 1779 V
1209 1709 1343 1781 extens'a
1360 1734 1477 1780 ver-sus
1493 1719 1523 1781 Χ
1540 1718 1573 1779 in

394 1832 565 1897 inlinitum
577 1832 731 1913 elongate
744 1830 816 1902 erit,
834 1830 912 1892 dum
926 1845 1103 1893 occursum
1120 1846 1198 1892 cum
1215 1829 1374 1909 producta
1394 1828 1451 1891 ΑΕ
1469 1845 1573 1907 quae·

396 1941 453 2015 rit,
474 1944 507 2003 et
530 1939 616 2003 ratio
640 1937 768 2002 infinite
791 1938 847 2002 ΤΧ
872 1936 914 2000 ad
938 1931 1104 2000 inlinitum
1129 1939 1187 2003 VX
1215 1955 1279 2000 nnn
1298 1938 1362 2001 erit
1380 1938 1446 2001 elia
1473 1956 1493 2001 n
1518 1955 1571 2001 ra·

395 2050 484 2113 tione
507 2047 657 2112 infinitae
682 2048 741 2112 VX
766 2047 807 2109 ad
833 2046 1000 2110 inlinitum
1024 2045 1091 2111 XC.

484 2157 574 2221 Istud
598 2157 685 2221 idem
710 2154 776 2218 alia
799 2155 1009 2237 aggressione
1033 2155 1230 2219 concludere
1255 2155 1446 2235 poterimus,
1460 2156 1573 2219 consi·

398 2270 475 2333 mlle
500 2271 703 2331 resumentes
727 2265 941 2329 ratiocinium
961 2265 1003 2334 ei,
1025 2282 1090 2345 quo
1114 2264 1163 2327 usi
1187 2282 1301 2328 sumus
1323 2266 1358 2328 in
1375 2266 1574 2346 propositio·

395 2378 447 2442 nis
472 2377 598 2458 primae
616 2375 906 2438 demonstratione.
926 2374 1142 2437 Resumentes
1161 2375 1250 2437 enim
1268 2374 1472 2455 triangulum
1491 2374 1571 2439 rud

398 2483 494 2570 (Fig.
517 2483 597 2570 81),
621 2485 715 2547 uobis
740 2489 988 2565 repraesentans
1012 2485 1045 2547 iu
1070 2485 1139 2547 suis
1160 2484 1326 2567 parallelis
1349 2486 1418 2548 basi
1446 2484 1497 2550 BC
1517 2502 1571 2548 ve·

396 2594 542 2657 incitatis
568 2592 689 2674 gradus
712 2593 869 2655 continue
888 2592 1047 2656 adauctos
1066 2594 1163 2675 juxta
1180 2595 1336 2675 temporis
1352 2586 1570 2667 incrementa,

397 2720 438 2765 ex
461 2703 595 2782 quibus,
618 2702 694 2765 cum
719 2701 874 2765 infinitae·
893 2704 980 2778 sint,
1005 2703 1107 2767 veluti
1135 2704 1266 2768 infinita
1290 2711 1366 2768 suut
1389 2711 1513 2786 puncta
1538 2707 1569 2769 lu

397 2814 483 2877 linea
509 2811 574 2885 AC,
602 2818 634 2874 et
658 2812 816 2876 instantia
841 2804 1017 2892 in'qnnvis
1041 2817 1197 2894 tempore,
1221 2819 1359 2895 exurget
1382 2812 1573 2896 superficies

400 2926 473 3005 ipsa
508 2922 677 3004 trianguli.
703 2920 735 2985 st
760 2920 1004 3002 intelligamus,
1029 2928 1157 2985 motum
1182 2939 1240 3002 per
1267 2922 1407 2985 alterum
1445 2928 1573 2985 tantum

396 3033 555 3113 temporis
578 3032 778 3106 continuari,
801 3030 857 3094 sed
882 3048 947 3094 non
971 3032 1113 3113 amplius
1131 3037 1225 3095 motu
1244 3032 1438 3104 accelerato,
1456 3049 1572 3095 verum

342 3133 344 3136 ’
396 3142 571 3223 aequabili,
592 3142 688 3223 juxta
713 3141 896 3204 maximum
924 3143 1062 3224 gradum
1086 3142 1272 3206 velocitatis
1295 3142 1490 3223 acquisitae,
1519 3143 1573 3222 qui

398 3253 521 3333 gradus
538 3257 803 3331 repraesentatur
819 3268 875 3331 per
892 3250 1014 3314 lineum
1033 3251 1097 3322 BC3
1124 3268 1166 3313 ex
1183 3252 1304 3315 talibus
1321 3251 1479 3333 gradibus
1495 3270 1574 3315 con-

399 3360 535 3423 dabitur
565 3365 781 3442 aggregatum
807 3361 978 3424 consimile
1004 3360 1313 3442 parallelogrammo
1334 3359 1462 3436 ADBC,
1486 3362 1572 3441 quod

399 3451 537 3549 duplum
562 3475 611 3531 est
635 3470 791 3550 trianguli
815 3469 907 3534 ABG.
931 3470 1041 3547 Quare
1065 3472 1223 3551 spatium,
1247 3471 1435 3551 quodcum
1462 3471 1572 3553 gradi·

398 3574 461 3637 bus
473 3575 701 3638 consimilibus
720 3584 866 3657 tempore
884 3578 999 3640 eodem
1016 3577 1229 3653 conficietur,
1240 3579 1376 3660 duplum
1394 3580 1458 3643 erit
1477 3580 1573 3661 spatii

399 3686 523 3765 peracti
547 3704 623 3749 num
649 3687 805 3768 gradibus
830 3687 1016 3764 uelocitatis
1041 3707 1060 3751 a
1085 3689 1252 3771 triangulo
1276 3689 1356 3755 nitu
1382 3706 1572 3771 repraesen-

399 3794 486 3858 tatis.
510 3798 553 3867 At
576 3794 610 3857 in
636 3794 734 3875 plano
758 3793 954 3858 horizontati
977 3803 1088 3859 motus
1112 3802 1161 3860 est
1177 3796 1368 3877 aequabilis,
1388 3812 1467 3859 cnm
1484 3795 1573 3859 nulla

292 3904 299 3910 '
395 3900 441 3964 ibi
465 3900 508 3963 sit
532 3918 632 3964 causa
656 3898 920 3977 accelera-tionis,
944 3911 1002 3967 aut
1027 3905 1274 3978 retardatinnls;
1299 3921 1377 3987 ergo
1400 3904 1574 3969 concludi·

395 4014 460 4083 tur,
484 4010 628 4091 spatium
654 4010 719 4086 ub,
742 4016 913 4091 peractum
937 4018 1085 4095 tempore
1110 4015 1238 4095 aequali
1265 4013 1404 4096 tempori
1426 4015 1493 4089 AC,
1513 4016 1573 4078 du-

397 4118 488 4198 plum
521 4136 593 4182 esse
626 4120 725 4200 spatii
751 4120 908 4193 ACsboc
933 4124 1021 4186 enim
1046 4129 1137 4187 motu
1165 4142 1207 4187 ex
1242 4126 1351 4205 quiete
1386 4126 1573 4189 accelerato

392 4225 490 4307 juxta
509 4229 683 4310 parallelas
702 4231 860 4312 trianguli
877 4231 1071 4308 conticitum
1090 4233 1170 4299 illud
1187 4251 1267 4299 vero
1281 4235 1378 4317 juxta
1399 4235 1575 4316 parallelas

399 4336 713 4419 parallelogrammi,
736 4357 831 4419 quae,
856 4340 935 4404 dum
959 4341 1081 4405 fuerint
1104 4342 1266 4420 infinitae,
1291 4342 1410 4424 duplae
1430 4351 1512 4407 sunt
1534 4344 1574 4407 ad

399 4444 574 4524 parallelas
597 4448 745 4513 infinitas
770 4452 938 4533 trianguli.

487 4558 664 4621 Attendere
687 4562 822 4642 iusuper
844 4561 934 4637 licet,
957 4566 1043 4645 quod
1068 4567 1254 4631 velocitatis
1279 4567 1411 4651 gradus,
1431 4568 1581 4649 quicun-

396 4681 460 4745 que
483 4665 516 4727 in
540 4667 653 4730 mobili
677 4671 871 4749 reperiatur,
896 4678 945 4736 est
968 4673 1085 4737 inillo
1109 4681 1225 4757 suapte
1249 4681 1367 4739 natura
1387 4676 1585 4741 indelebili·

399 4779 447 4835 ter
471 4773 660 4855 impressus,
686 4777 762 4842 dum
787 4790 944 4864 externae
967 4800 1089 4847 causae
1113 4777 1373 4863 acceleraticnis,
1389 4794 1447 4851 aut
1469 4794 1582 4853 retur·
