3925 5784
393 707 459 772 eet
703 725 848 772 utineam
873 726 974 772 nenne
1001 727 1101 774 unove
1126 729 1251 775 solesze

394 849 535 926 suntque
558 845 621 913 CF.
647 844 700 910 GE
726 845 852 909 mediae
876 846 960 911 inter
981 853 1082 912 totam
1107 847 1162 915 un
1191 854 1223 912 et
1247 856 1355 930 partes
1379 850 1451 921 DA,
1484 848 1565 914 AC:

264 990 266 995 ·
393 960 489 1020 erunt
511 954 629 1020 barum
652 954 814 1035 quadrata
838 953 936 1020 simul
962 961 1094 1037 sumpta
1111 957 1264 1038 aequalia
1278 957 1440 1038 quadrato
1460 956 1565 1021 totius

394 1082 437 1129 ex
461 1064 617 1128 lemmate
639 1063 823 1143 superiori;
847 1080 963 1128 verum
985 1064 1101 1129 iisdem
1118 1064 1286 1145 quadratis
1302 1069 1463 1148 aequatur
1476 1081 1565 1145 quo·

291 1258 295 1266 Ι
394 1190 459 1255 que
481 1172 680 1254 quadratum
704 1172 807 1252 ipsius
830 1172 907 1248 EF,
929 1192 1009 1256 ergo
1031 1179 1063 1238 et
1088 1175 1174 1238 linea
1197 1174 1251 1239 EF
1275 1175 1336 1256 ipsi
1360 1173 1414 1239 DC
1437 1190 1565 1255 aequa-

395 1281 436 1347 lis
459 1289 517 1347 est.
541 1281 592 1345 Ex
616 1298 682 1363 quo
704 1287 1036 1356 onustat‚-momenta
1059 1301 1117 1365 pes
1139 1284 1214 1355 DC,
1238 1290 1271 1348 et
1295 1301 1352 1366 per
1374 1284 1561 1365 semipara-

394 1389 503 1455 bolam
527 1392 592 1461 Ab
616 1392 650 1454 in
675 1390 699 1457 C
723 1397 755 1453 et
778 1393 803 1456 Β
826 1408 896 1456 esse
920 1394 1088 1475 aequuum
1111 1396 1198 1475 quod
1222 1395 1403 1475 oportebat.

807 1544 810 1550 ⁴
861 1560 1094 1627 Cononntatuu.
1118 1606 1122 1614 -

485 1716 568 1780 Hine
592 1720 721 1781 constat
743 1717 1061 1799 semiparabolarum
1085 1720 1256 1791 omnium,
1280 1736 1423 1801 quarum
1446 1720 1567 1784 altitu·

262 1860 263 1863 =
396 1826 488 1890 dines
510 1842 587 1888 aum
612 1824 871 1890 sublimitatibus
893 1824 1029 1908 iunctae
1053 1843 1148 1910 pares
1167 1833 1251 1898 sunt,
1271 1828 1416 1909 impetus
1430 1846 1565 1909 qunque

397 1934 550 2015 aequales
574 1952 666 1999 esse·

715 2102 887 2166 Pnounnus
908 2104 957 2175 ΙΙ,
981 2104 1168 2170 Pnoeosmto
1191 2107 1244 2170 Xl.

407 2309 409 2316 .
486 2260 570 2328 Doto
593 2263 721 2343 impetu,
736 2269 765 2325 et
788 2262 991 2343 mulitudine
1006 2264 1257 2345 semiputulolae,
1274 2263 1477 2330 altitudinem
1495 2264 1563 2345 aiut

396 2373 543 2454 repetire.

485 2484 629 2565 Impetus
652 2483 748 2548 datus
770 2481 926 2547 defiuitus
943 2483 985 2546 sit
1007 2501 1027 2547 a
1052 2483 1284 2564 perpendioulo
1299 2486 1342 2551 ad
1357 2483 1562 2550 horizontem

396 2594 452 2658 ΑΒ
477 2588 561 2677 (Fip.
579 2588 679 2676 122);
703 2592 886 2673 amplitudo
909 2608 990 2657 vero
1012 2593 1046 2656 iu
1070 2591 1265 2657 horizontali
1285 2594 1328 2658 sit
1346 2593 1407 2659 BG.
1422 2590 1561 2674 Oportet

398 2701 633 2767 sublimitatem
657 2701 916 2783 semiparabolae
940 2702 1104 2782 reperire,
1132 2703 1228 2785 eujus
1250 2702 1393 2785 impetus
1414 2702 1469 2767 sit.
1485 2704 1558 2772 AB.

398 2810 582 2892 amplitudo
606 2829 685 2878 vero
707 2810 770 2877 BC.
794 2811 931 2877 Constat
954 2828 996 2874 ex
1015 2811 1085 2893 jam
1109 2812 1363 2886 demonstratis,
1386 2811 1558 2876 dimidiam

397 2921 647 3002 amplitudinem
672 2921 724 2989 BC
748 2922 892 2987 intutam
915 2938 986 2986 esse
1010 2922 1152 2987 mediam
1177 2922 1459 3005 proportionalem
1475 2922 1559 2985 inter

398 3031 602 3096 altitudinem
633 3037 665 3096 et
696 3031 931 3097 sublimitatem
954 3032 1057 3114 ipsius
1081 3032 1356 3114 semiparabnlae,
1378 3030 1475 3113 eujus
1498 3031 1557 3094 im-

397 3144 490 3221 petus
511 3156 550 3203 ex
577 3139 782 3220 praecedenti
806 3143 855 3203 est
877 3139 965 3204 idem
990 3158 1065 3204 cum
1087 3140 1211 3221 impetu
1227 3138 1377 3203 cadentis
1392 3157 1436 3202 ex
1451 3140 1556 3221 quiete

393 3248 430 3312 in
453 3252 483 3312 A
507 3264 563 3330 per
586 3254 689 3315 totam
713 3249 777 3313 ΑΒ.
801 3251 859 3314 Est
879 3258 1048 3331 propterea
1067 3251 1122 3313 BA
1139 3250 1187 3312 ita
1204 3249 1415 3321 secundant
1429 3254 1556 3314 nactan-

398 3357 510 3438 gnlum
535 3375 555 3421 a
578 3360 725 3439 partibus
748 3361 818 3443 ejus
839 3365 1030 3425 contentum
1053 3360 1191 3440 aequale
1214 3362 1258 3424 sit
1278 3358 1444 3440 quadrato
1462 3359 1556 3423 dimi·

399 3463 472 3528 diae
485 3466 558 3538 ‘Bu
581 3485 665 3546 quae
688 3470 731 3532 sit
754 3471 817 3534 BD.
843 3470 927 3534 Hine
950 3477 1087 3552 apparet
1110 3470 1332 3535 necessarium
1356 3486 1451 3545 esse,
1474 3470 1555 3553 quad

399 3573 451 3637 DB
473 3573 644 3640 dimidiam
661 3579 716 3643 BA
733 3597 796 3643 non
821 3585 965 3660 superet,
981 3580 1248 3662 rectangulosum
1264 3579 1353 3645 euim
1371 3597 1391 3645 a
1408 3582 1553 3661 partibus

397 3690 625 3751 contentorum
652 3690 835 3754 maximum
859 3693 930 3763 est,
952 3706 1028 3753 enm
1054 3693 1122 3753 tota
1145 3690 1231 3753 linea
1248 3690 1282 3752 in
1301 3695 1411 3771 partes
1430 3695 1556 3755 secatur

263 3781 265 3784 ’
397 3796 560 3878 aequales.
583 3797 758 3863 Dividatut
780 3801 891 3881 itaque
906 3800 961 3862 ΒΛ
978 3799 1133 3864 bilariam
1150 3801 1183 3863 in
1202 3801 1239 3863 Ε.
1264 3799 1402 3879 Quodsi
1421 3800 1494 3882 ipsu
1506 3798 1556 3864 llll

397 3907 543 3987 aequalis
566 3907 663 3973 inerit
687 3910 751 3981 BE,
775 3910 959 3975 absolutum
983 3915 1033 3973 est
1055 3925 1159 3990 opus:
1180 3910 1309 3991 eritque
1331 3910 1554 3991 semiparabu·

397 4013 448 4077 lae
470 4016 612 4080 altitudo
634 4018 699 4089 ΒΕ,
722 4017 909 4082 sublimitas
932 4033 1011 4081 vero
1034 4018 1091 4080 EA
1116 4013 1171 4101 (et
1193 4034 1270 4081 eoae
1294 4015 1475 4097 parabolae
1492 4016 1555 4080 ele·

398 4124 541 4196 tationis
556 4126 748 4191 semimutae
766 4128 1029 4210 amplitudinem,
1048 4134 1084 4193 ut
1102 4144 1200 4208 supra
1219 4127 1483 4191 demonstratum
1500 4130 1555 4201 est,

396 4235 545 4299 omnium
567 4251 639 4299 esse
661 4238 843 4300 maximam
866 4238 909 4301 ab
930 4237 1043 4302 eodem
1069 4237 1193 4317 impetu
1215 4235 1456 4317 deseriptarum
1471 4230 1493 4319 i.
1516 4236 1555 4297 tt

396 4345 505 4408 minor
528 4347 571 4409 sit
594 4347 648 4409 BD
671 4364 770 4427 quam
793 4346 929 4411 dimidia
954 4347 1031 4421 ΒΑ,
1067 4361 1150 4427 quae
1183 4344 1229 4408 i'ta
1260 4345 1405 4409 sonanda
1426 4351 1500 4417 est,
1523 4347 1554 4407 ut

394 4458 622 4539 reetangulum
647 4460 709 4522 sub
732 4459 878 4539 partibus
899 4458 1060 4539 quadrato
1076 4457 1131 4522 BD
1146 4456 1189 4521 sit
1208 4456 1353 4537 aequale.
1377 4456 1485 4538 Supra
1503 4454 1553 4518 ΕΔ

395 4565 621 4630 semicirculus
645 4567 858 4642 describatur,
882 4569 915 4632 in
937 4585 1003 4650 quo
1021 4586 1063 4632 ex
1085 4570 1111 4630 Α
1137 4566 1320 4649 applicetur
1338 4566 1393 4629 AF
1409 4565 1551 4648 aequalis

395 4669 470 4747 Bi),
494 4674 704 4755 abjungatur
729 4678 803 4748 FF,
826 4678 878 4741 cni
903 4654 1030 4742 senetur
1054 4694 1129 4759 pars
1153 4674 1298 4757 aequalis
1315 4674 1380 4742 EG.
1400 4674 1550 4759 EritJam

394 4784 623 4864 reclangutum
658 4785 738 4856 ΒΕΑ
768 4807 843 4853 eum
872 4788 1033 4873 quadrato
1056 4788 1108 4857 EG
1134 4788 1270 4871 aequale
1291 4786 1455 4872 quadrato
1478 4788 1548 4856 ΕΑ,
