3925 5784
844 736 997 783 eronnrrr
1021 737 1131 783 runzr.
1383 732 1386 737 “
1508 723 1572 788 155
1677 771 1685 786 .

409 848 528 920 stinctu
564 858 710 921 naturali
734 861 884 921 utuntur.
907 858 994 922 Dum
1018 858 1120 940 igitur
1138 858 1307 941 lapidem,
1329 877 1370 923 ex
1394 861 1572 925 sublimia

407 966 513 1046 quiete
537 965 800 1041 descendentem,
825 984 911 1032 nova
941 966 1093 1049 deinceps
1119 968 1303 1032 velocitatis
1326 971 1498 1051 acquirere
1520 972 1573 1034 in·

406 1071 572 1141 crementa
595 1077 847 1153 animadverto,
869 1094 930 1141 cnr
953 1076 1033 1141 talia
1057 1077 1283 1141 additamenta
1306 1078 1572 1160 simplicissima,

405 1197 501 1271 atque
525 1190 682 1254 omnibus
705 1188 813 1271 magis
836 1188 936 1251 obvia
959 1187 1088 1251 ratione
1112 1186 1188 1250 lieri*
1205 1205 1270 1251 non
1288 1189 1453 1276 credam?
1476 1188 1571 1266 Quod

405 1299 425 1361 si
449 1304 579 1363 attente
601 1298 829 1379 inspiciamus,
852 1297 981 1361 nullum
1005 1297 1286 1373 additamentum,
1309 1299 1439 1362 nullum
1462 1299 1571 1363 iucre-

404 1413 552 1472 mcntum
576 1407 684 1491 magis
707 1396 1090 1492 simplex-inveniemus,
1113 1422 1214 1485 quam
1238 1407 1321 1471 illud
1339 1408 1426 1489 quod
1444 1425 1572 1488 semper

404 1516 516 1581 ecdem
542 1516 640 1582 modo
662 1516 863 1597 superaddit.
898 1515 994 1593 Quod
1019 1514 1116 1579 facile
1138 1515 1362 1596 intelligemus
1388 1519 1568 1596 marimum

405 1627 581 1708 temporis,
615 1632 714 1709 atque
749 1632 858 1690 motus
885 1620 1083 1690 affinitatem
1107 1626 1339 1708 inspicientes:
1362 1629 1449 1692 sicut
1482 1630 1569 1692 enlm

405 1741 511 1800 motus
535 1732 752 1818 aequabilitas
774 1744 806 1800 et
831 1736 1040 1801 uniformitas
1063 1754 1119 1818 per
1144 1742 1353 1817 temporum,
1372 1738 1573 1819 spatiorum·

404 1861 462 1924 que
487 1844 707 1925 aequalitates
730 1842 910 1919 delinitur,
933 1851 1033 1926 atque
1055 1846 1242 1925 coneipitur
1267 1842 1447 1930 (tutionem
1480 1847 1569 1909 enim

404 1957 479 2013 tunc
514 1951 720 2032 aequabilem
756 1940 990 2032 appellemus,
1024 1969 1101 2016 cum
1137 1953 1339 2033 temporibus
1375 1954 1571 2035 aequalibus

401 2063 554 2144 aequalia
576 2060 800 2127 coniiciuntur
817 2062 924 2143 spatia
935 2058 958 2147 l,
976 2063 1025 2125 ita
1040 2079 1097 2143 per
1113 2062 1244 2125 easdem
1261 2063 1478 2143 aequalitates
1496 2081 1572 2143 par-

401 2173 485 2236 tium
510 2166 682 2254 temporis,
704 2172 907 2235 incrementa
931 2171 1111 2236 celeritatis
1136 2172 1330 2253 simpliciter
1352 2173 1439 2235 laeta
1465 2174 1571 2253 perci-

399 2298 475 2361 pere
499 2295 697 2363 possumus:
722 2286 831 2344 mente
853 2279 1219 2361 concipientesmotum
1236 2280 1331 2343 illum
1353 2278 1570 2351 uniformiter,

398 2390 584 2473 eodemque
608 2391 706 2455 medo
728 2389 886 2454 continue
909 2389 1131 2453 acceleratum
1151 2406 1239 2471 esse,
1264 2389 1343 2451 dum
1369 2385 1570 2468 temporibus

397 2500 654 2581 quibuscunque
677 2499 871 2582 aequalibus
895 2499 1049 2579 aequalia
1072 2500 1102 2562 ei
1125 2497 1390 2580 superaddantur
1412 2498 1571 2561 celerita-

399 2609 442 2673 tis
464 2607 702 2674 additamenta.
724 2605 828 2672 'Adeo
851 2616 888 2671 ut
911 2608 1053 2688 sumptis
1075 2614 1288 2688 quotcunque
1311 2606 1468 2687 temporis
1493 2624 1569 2687 par·

401 2718 512 2782 tieulis
534 2717 731 2798 aequalibus
754 2733 775 2780 a
798 2707 907 2797 prime
928 2716 1087 2786 instanti,
1112 2716 1145 2778 in
1168 2733 1236 2795 quo
1261 2712 1381 2778 mobile
1404 2713 1528 2777 recedit
1551 2731 1571 2777 a

400 2828 583 2909 quiete,·et
605 2816 800 2891 descensum
824 2823 1035 2907 aggreditur,
1058 2823 1237 2888 celeritatis
1262 2824 1384 2906 gradus
1407 2822 1442 2884 ln
1466 2822 1570 2903 prima

401 2955 477 3003 cum
494 2936 641 3002 secunda
659 2935 817 3016 temporis
841 2933 1005 3015 particula
1027 2932 1213 3015 acquisitus
1231 2932 1353 3012 duplus
1372 2932 1415 2994 sit
1436 2930 1570 3012 gradus,
1622 3005 1624 3010 Ι

399 3064 495 3129 quem
512 3045 692 3128 acquisivit
711 3044 833 3108 mobile
849 3044 883 3106 in
901 3044 1007 3127 prima
1026 3044 1204 3126 particula:
1221 3042 1344 3125 gradus
1361 3060 1451 3115 vero,
1469 3057 1566 3121 quem

398 3158 524 3223 obtinet
540 3156 576 3221 in
594 3156 703 3221 tribus
726 3153 909 3237 particulis,
934 3154 1063 3236 triplus,
1081 3173 1181 3235 quem
1198 3154 1231 3217 in
1247 3157 1401 3233 quatuor,
1420 3149 1573 3231 quadru-⁴

398 3265 471 3346 plus
494 3264 645 3349 ejusdem
676 3263 800 3345 gradus
823 3262 921 3345 primi
946 3263 1114 3343 temporis.
1138 3263 1187 3326 lta
1210 3265 1247 3324 ut
1272 3257 1444 3345 (clarioris
1468 3259 1568 3322 intel-

396 3371 553 3459 ligenti'ae
573 3370 700 3459 eausa)
736 3375 763 3436 si
789 3359 1096 3437 -mnbile'lationem
1120 3389 1214 3436 suam
1239 3371 1449 3435 continuaret
1467 3370 1565 3451 iuxta

397 3483 538 3567 gradum
561 3499 621 3548 seu
644 3476 850 3572 momentum
874 3471 1120 3547 velocitatis‘in
1144 3481 1250 3563 prima
1275 3482 1437 3562 temporis
1463 3480 1567 3561 parti·

396 3590 473 3656 cule
496 3590 704 3671 acquisitae,
733 3598 928 3672 motumque
950 3607 1049 3654 suum
1073 3590 1227 3672 deinceps
1249 3590 1466 3672 aequabiliter
1488 3606 1566 3652 eum
1680 3611 1683 3615 ·

396 3701 455 3765 tali
477 3699 586 3784 gradu
609 3699 814 3776 extenderet,
836 3700 916 3765 letio
938 3699 1022 3763 baec
1037 3699 1139 3780 duplo
1156 3706 1243 3763 esset
1258 3700 1385 3763 tardior
1400 3716 1452 3773 ea,
1466 3714 1566 3776 quam

389 3808 490 3891 juxta
516 3806 659 3891 gredum
683 3806 870 3872 velocitatis
888 3808 924 3872 in
942 3808 1073 3874 duabus
1089 3809 1246 3889 temporis
1262 3807 1435 3889 particulis
1450 3806 1567 3884 aequi·

394 3918 478 3981 sitae
499 3906 688 3990 oblineret3
720 3922 753 3980 et
781 3915 828 3978 sie
858 3922 994 3980 areota
1017 3915 1145 3979 ratione
1169 3916 1331 3979 absonum
1355 3927 1564 3993 nequaquam

394 4043 464 4090 esse
489 4023 634 4099 vldetur,
655 4025 684 4089 si
708 4025 913 4105 accipiamus
937 4024 1156 4089 intensionem
1177 4023 1361 4087 velocitatis
1377 4022 1448 4085 lieri
1464 4022 1565 4105 juxte

397 4135 558 4217 temporis
578 4134 828 4210 extensionem
851 4151 894 4197 ex
915 4152 983 4215 quo
1006 4134 1154 4199 delinitio
1177 4140 1299 4209 motus,
1314 4133 1355 4196 de
1369 4149 1436 4214 quo
1455 4138 1564 4197 acturi

395 4260 527 4320 sumus,
551 4243 627 4308 telis
649 4244 757 4325 accipi
783 4249 907 4325 potest:
930 4246 1060 4309 Motum
1085 4244 1317 4326 aequabiliter,
1344 4260 1402 4308 seu
1437 4244 1564 4308 unitor-

396 4355 491 4418 mlter
513 4355 737 4419 acceleratum
760 4354 836 4418 dico
860 4354 966 4429 illum,
988 4354 1046 4444 qui
1070 4372 1090 4419 a
1114 4354 1223 4435 quiete
1246 4354 1412 4429 recedens,
1436 4358 1565 4435 tempo·-

398 4464 486 4529 ribus
504 4464 706 4547 aequalibus
730 4465 883 4546 aequalia
898 4464 1079 4529 celeritatis
1094 4459 1263 4529 momenta
1282 4463 1345 4528 sibi
1362 4463 1564 4545 superaddit.

482 4613 660 4740 Snonlo,
682 4662 710 4731 sl
734 4682 828 4730 come
850 4664 926 4729 lucr
947 4665 979 4731 di
1005 4664 1138 4745 ragione
1161 4663 1206 4727 mi
1230 4664 1381 4746 oppcrrei
1406 4683 1426 4728 a
1449 4671 1565 4746 queste

402 4794 417 4836 c
437 4777 477 4843 ad
501 4779 589 4848 altre
611 4776 830 4854 definizionc,
856 4778 918 4841 ebe
945 4776 988 4840 da
1011 4774 1232 4859 quarsivogtta
1256 4779 1371 4840 autore
1396 4775 1483 4839 fusse
1506 4792 1560 4838 as·
