3925 5784
773 738 924 787 uternam
948 739 1058 789 rums.
1428 728 1489 794 lii'l

335 854 405 918 mm
424 857 562 937 spatium
579 861 785 941 conficeretur
800 862 840 924 ab
856 861 959 925 eodem
975 863 1079 926 mobili
1095 871 1181 927 motu
1199 864 1357 946 aequabili
1380 864 1491 941 deluto,

333 965 418 1045 eujus
441 966 613 1032 velocitatis
635 968 753 1049 protus
776 970 948 1053 subduplus
970 972 1013 1034 sit
1035 972 1271 1049 adrumetum,
1296 982 1324 1037 et
1347 972 1495 1039 ultimum

330 1074 461 1153 undum
486 1076 657 1147 uelocitatis
676 1078 794 1160 prioris
817 1089 918 1143 motus
941 1081 1146 1161 uniformiter
1170 1080 1343 1147 ucoeuruti.
1456 1136 1460 1143 .

414 1185 696 1267 Repraesentatur
719 1184 804 1274 (Fiq.
817 1186 872 1274 te)
897 1206 955 1271 per
976 1192 1204 1256 extensionem
1222 1192 1278 1256 ΑΒ
1295 1192 1491 1274 ίειηριιε,’ἰῐι

330 1308 393 1373 quo
416 1310 438 1356 a
463 1296 578 1359 mobili
602 1296 725 1361 latione
749 1296 958 1362 uniformiter
978 1300 1161 1365 accelerata
1197 1319 1239 1364 ex
1273 1303 1382 1384 quiete
1407 1303 1442 1368 in
1466 1302 1491 1369 C

330 1399 529 1467 conficiatur
550 1405 696 1485 spatium
714 1405 784 1479 CD;
808 1404 972 1489 graduum
993 1414 1105 1472 autem
1123 1408 1310 1475 velocitatis
1329 1410 1493 1475 adauctae

330 1511 360 1574 in
382 1511 590 1606 instantibus
613 1514 771 1596 temporis
794 1515 1057 1601 attulerimus,
1080 1522 1113 1580 et
1134 1515 1276 1581 ultimus
1300 1529 1491 1601 repraesen-

331 1624 417 1684 tetur
433 1638 494 1703 per
508 1621 575 1697 ΕΒ,
591 1627 760 1705 utcunque
782 1640 881 1705 snper
897 1625 953 1688 ΑΒ
969 1626 1203 1700 constitutam
1222 1626 1404 1710 junctaque
1422 1627 1492 1704 ΑΕ,

332 1726 437 1791 tineae
460 1745 575 1793 omues
594 1745 641 1793 ex
663 1729 805 1814 singuiis
829 1733 960 1812 punctis
982 1732 1090 1796 lineae
1112 1735 1168 1798 AB
1190 1734 1252 1815 ipsi
1270 1734 1324 1799 BE
1341 1737 1493 1818 aequitii·

333 1838 458 1899 stanter
479 1840 594 1908 actae.
616 1844 801 1901 crescentes
825 1839 1011 1903 velocitatis
1047 1840 1169 1921 gradus
1206 1848 1277 1923 post
1311 1847 1439 1908 instans
1463 1848 1494 1909 A*

332 1945 636 2025 repraesentabunt
660 1944 776 2010 Divisa
798 1946 917 2011 deinde
939 1947 994 2012 BE
1019 1946 1171 2012 bilariam
1195 1949 1228 2013 in
1253 1949 1289 2025 F,
1312 1951 1488 2033 ductisque

334 2049 501 2132 parallelis
531 2050 604 2121 Fu«
624 2050 682 2118 AG
704 2053 784 2135 ipsis
807 2054 877 2128 ΒΔ,
910 2055 987 2127 BF3
1011 2054 1356 2137 parallelogrammum
1381 2057 1493 2124 AGFB
1573 2076 1575 2084 ·

333 2162 394 2225 erit
415 2161 636 2227 oomtitutum
660 2163 828 2245 triangulo
848 2163 934 2228 ΑΕΒ
958 2155 1107 2245 aequale,
1130 2164 1281 2230 dividens
1309 2182 1370 2229 suo
1406 2166 1490 2229 late·

334 2290 367 2336 re
388 2271 623 2343 eunitarum
647 2276 704 2339 ΑΕ
727 2278 762 2339 in
785 2275 821 2339 1:
849 2276 937 2357 quod
961 2276 988 2340 si
1014 2275 1189 2357 parallelae
1224 2275 1380 2358 trianguli
1408 2276 1493 2340 ΑΕΒ

334 2397 438 2463 nsque
460 2381 510 2446 ad·
526 2380 595 2448 etr
618 2383 865 2474 extendantur‚·
882 2383 1079 2447 habebimus
1106 2389 1323 2467 aggregatum
1347 2383 1490 2466 paralle-

335 2488 443 2553 lurnm
458 2490 609 2554 omnium
632 2490 666 2554 in
689 2491 914 2572 quadrilatero
927 2495 1161 2555 contentarum
1181 2492 1352 2573 aequalem
1372 2510 1492 2576 aggre-

336 2600 428 2683 gatni
462 2601 776 2683 comprehensarum
804 2602 837 2666 in
868 2600 1036 2684 triangulo
1065 2601 1170 2676 ΑΕΒς
1194 2617 1280 2682 quae
1302 2602 1390 2666 enim
1412 2608 1491 2667 suut

335 2710 367 2773 in
389 2709 560 2793 triangulo
581 2710 661 2785 lEl',
684 2710 776 2791 paria
799 2715 877 2774 sunt
894 2727 972 2773 cum
992 2711 1156 2774 contentis
1171 2711 1205 2773 in
1222 2709 1391 2793 triangulo
1405 2709 1507 2784 Gisia

336 2837 391 2885 eae
414 2837 498 2886 vero
519 2836 604 2902 quae
627 2820 790 2885 habentur
813 2819 847 2882 in
872 2820 1016 2901 trapezio
1039 2820 1154 2893 ΑΙΡΒ,
1178 2836 1372 2884 communes
1406 2826 1496 2884 suut.

336 2927 484 3011 Cumque
517 2928 658 3009 singuiis
680 2933 713 2991 et
735 2928 889 2992 omnibus
923 2927 1124 2993 instantibus
1162 2909 1318 3008 temporis
1352 2928 1409 2991 AB
1442 2944 1497 2990 re·

337 3036 517 3118 spondeant
550 3036 682 3118 singula
716 3041 749 3099 et
781 3035 894 3100 omnia
923 3040 1054 3116 puncta
1077 3034 1184 3100 lineae
1210 3034 1279 3105 ΑΒ,
1308 3034 1496 3115 exquibus
1636 3067 1645 3084 ι

337 3151 430 3211 actae
454 3143 632 3225 parallelae
653 3144 687 3208 in
712 3145 879 3228 triangulo
903 3136 990 3209 suu·
1021 3144 1276 3228 comprehensae
1310 3151 1495 3209 crescentes

337 3254 459 3337 padus
493 3254 680 3322 velocitatis
713 3253 876 3320 adauctae
909 3259 1171 3336 repraesentant,
1207 3252 1383 3336 parallelae
1418 3271 1498 3320 vero

337 3363 420 3428 intra
456 3362 805 3446 parallelogrammum
839 3368 1014 3427 contentae
1049 3363 1185 3427 totidem
1221 3361 1344 3446 gradus
1373 3361 1498 3429 reloci-

336 3474 410 3538 tatis
435 3483 501 3538 uon
524 3473 698 3549 adauctae,
721 3475 779 3539 sed
801 3476 985 3556 aequabilis
1008 3475 1123 3540 itidem
1147 3481 1391 3557 repraesentent
1405 3479 1421 3537 ε’
1437 3493 1496 3559 ap·

334 3589 424 3665 paret
458 3591 591 3667 teutpore
624 3583 686 3647 AB
719 3585 855 3649 totidem
890 3584 1078 3649 velocitatis
1111 3591 1278 3650 momenta
1318 3586 1495 3667 absumpta

334 3710 403 3759 esse
426 3693 462 3758 in
485 3700 578 3759 motu
601 3693 784 3758 accelerato
803 3694 902 3776 iuxta
925 3697 1112 3759 crescentes
1137 3693 1312 3775 parallelas
1336 3694 1495 3776 trianguli

334 3804 428 3875 ΔΕΒ,
451 3819 493 3869 aa
514 3804 549 3867 in
572 3808 665 3867 motu
689 3804 857 3884 aequabili
875 3803 976 3885 juxta
998 3803 1145 3885 aequales
1161 3800 1336 3885 parallelas
1355 3796 1497 3881 paralle-

335 3911 509 3996 logrammi
532 3909 609 3979 Gli:
631 3910 721 3993 quod
743 3912 831 3976 enim
855 3916 1098 3977 momentorum
1116 3909 1230 3974 delicit
1243 3910 1278 3972 in
1299 3908 1406 3989 prima
1424 3915 1497 3971 ωσι·

336 4027 388 4087 tus
410 4020 590 4088 accelerati
612 4021 789 4086 medietate
813 4018 996 4106 (deliciunt
1019 4021 1105 4085 enim
1131 4024 1296 4083 momenta
1316 4032 1373 4098 per
1388 4017 1499 4098 paral·

334 4129 413 4196 letas
436 4130 598 4213 trianguli
621 4128 693 4196 AGI
716 4128 1005 4217 repraesentata),
1030 4129 1177 4194 relicitur
1200 4145 1221 4191 a
1243 4125 1427 4190 momentis·
1441 4141 1499 4206 per

335 4240 510 4322 parallelas
531 4239 691 4324 trianguli
715 4240 783 4305 lEF
806 4240 1075 4322 repraesentatis;
1100 4242 1188 4319 patet
1211 4235 1326 4317 igitur,
1348 4232 1502 4315 aequalia

336 4348 448 4417 intura
470 4351 668 4524 *spatia
683 4355 829 4433 tempore
845 4350 960 4415 eodem
978 4366 998 4412 a
1014 4348 1142 4413 duobus
1162 4345 1337 4411 mobilibus
1356 4349 1501 4425 peracta,

336 4478 475 4540 quorum
523 4477 605 4525 num
629 4464 722 4524 motu
745 4477 788 4523 ex
808 4460 919 4542 quiete
937 4456 1146 4522 unilormiter
1164 4453 1348 4518 accelerato
1365 4468 1502 4518 morea-

336 4575 408 4649 tur,
431 4572 576 4636 alterum
599 4587 679 4635 rero
701 4575 794 4634 motu
817 4568 983 4651 aequabili
1015 4568 1115 4650 Juxta
1141 4569 1345 4629 momentum
1376 4560 1502 4626 subdu·

338 4681 423 4759 plum
448 4680 607 4745 momenti
632 4677 769 4744 maximi
790 4676 975 4741 velocitatis
989 4672 1165 4739 accelerati
1182 4676 1304 4747 motus,
1318 4667 1406 4750 quod
1430 4668 1502 4729 erut

338 4785 507 4853 intentum.
