3925 5784
395 724 460 789 256
703 738 847 787 nrrnocur
873 739 975 785 nanus
1001 736 1102 783 nuova
1127 735 1253 783 suranna

394 869 549 948 tangente
573 882 620 947 gr.
646 863 699 927 45.
719 863 805 934 Jam,
828 862 870 925 ad
893 878 976 942 opus
997 858 1193 929 accedendo,
1211 859 1353 922 ducatur
1368 855 1434 932 GE,
1453 872 1567 937 angu-
1590 844 1594 849 ’

393 973 464 1037 lum
486 971 568 1038 ECB
592 948 715 1055 angulo
732 971 813 1037 ACB
829 970 990 1052 majorem
1010 965 1169 1053 (acutum
1186 964 1319 1052 tamen)
1344 966 1568 1047 comprehcn-

395 1081 495 1145 dens:
519 1080 626 1161 sitque
649 1078 889 1160 semiparabola
912 1077 1131 1159 designanda,
1154 1093 1238 1158 quae
1262 1093 1282 1138 a
1305 1076 1392 1139 linea
1417 1074 1570 1142 110100-
1599 1157 1610 1178 .

394 1193 514 1271 gatur,
536 1194 569 1252 et
590 1189 688 1271 cujus
710 1188 897 1253 sublimitas
930 1205 1007 1251 cum
1043 1187 1217 1252 altitudine
1235 1189 1353 1271 juncta
1377 1190 1483 1270 ipsam
1509 1188 1567 1253 ΒΑ

394 1297 565 1380 adaequet.
588 1298 640 1363 Ex
663 1298 777 1362 tabula
801 1297 1006 1380 tangentium
1043 1314 1100 1379 per
1133 1298 1295 1379 angulum
1330 1298 1446 1361 datum
1484 1296 1567 1362 BGE

395 1413 533 1490 tangens
555 1407 624 1488 ipsa
649 1400 703 1470 uu
731 1406 932 1488 accipiatur3
959 1422 1045 1486 quae
1071 1404 1224 1470 bifariam
1252 1405 1422 1470 dividatur
1456 1407 1493 1470 in
1531 1405 1568 1468 F.

394 1515 518 1580 Deinde
539 1516 687 1597 ipsarum
713 1515 784 1594 BF,
807 1514 847 1579 ut
873 1512 1054 1601 (dimidiae
1077 1512 1152 1599 BG)
1178 1517 1275 1579 tertia
1309 1516 1568 1597 proportionalis

396 1626 601 1707 reperiatur,
624 1642 709 1706 quae
743 1627 928 1689 necessario
960 1625 1067 1707 major
1090 1626 1152 1688 erit
1175 1641 1275 1707 quam
1301 1626 1364 1689 FA.
1390 1624 1438 1691 Sit
1461 1626 1569 1709 igitur

395 1734 454 1797 illa
478 1732 541 1798 FO.
567 1734 832 1815 semiparabolae
855 1734 959 1817 igitur
987 1735 1021 1797 in
1052 1734 1217 1818 triangulo
1245 1733 1327 1799 Edu
1362 1735 1566 1816 inscriptae,

391 1842 490 1924 juxta
515 1847 702 1925 tangentem
725 1841 790 1914 GE,
813 1842 910 1925 cujus
933 1843 1118 1925 amplitudo
1136 1849 1185 1907 est
1208 1844 1271 1918 CB,
1294 1850 1424 1926 reperta
1446 1851 1499 1909 est
1517 1845 1570 1909 al-

394 1949 501 2013 titudo
522 1950 574 2013 BF
596 1956 629 2013 et
651 1949 838 2015 sublimitas
862 1949 925 2015 FO.
950 1952 1074 2015 Verum
1099 1958 1164 2014 tota
1189 1949 1244 2016 ΒΟ
1267 1968 1367 2033 supra
1384 1952 1563 2032 parallelas

398 2059 465 2133 AG,
488 2060 540 2127 CB
564 2059 737 2133 attollitur,
759 2076 840 2129 cum,
861 2060 956 2124 nobis
971 2077 1055 2141 opus
1071 2060 1113 2123 sit
1134 2061 1219 2124 iuter
1233 2058 1366 2123 easdem
1384 2060 1566 2125 contineri:

395 2170 442 2233 sic
465 2171 552 2234 enim
589 2175 660 2232 tum
695 2170 787 2250 ipsa,
809 2158 887 2232 'tum
922 2167 1182 2250 semiparabolae
1205 2167 1259 2233 DC
1284 2167 1515 2232 describentur
1547 2188 1568 2231 a

396 2278 549 2360 proiectis
570 2295 613 2340 ex
635 2276 660 2341 C
684 2278 809 2358 impetu
833 2277 949 2341 eodem
972 2276 1125 2357 explosis.
1148 2276 1352 2357 Reperienda
1387 2275 1568 2357 igiturest

398 2390 500 2452 altera
519 2387 598 2451 buie
615 2386 732 2451 similis
749 2369 957 2470 (innumerae
972 2386 1062 2448 enim
1077 2385 1166 2448 intra
1182 2385 1343 2467 angulum
1359 2383 1440 2451 BCE
1461 2373 1568 2468 ma'jo-'

396 2473 505 2559 reset
525 2496 668 2558 minores
686 2494 771 2556 inter
794 2509 829 2555 se
851 2493 976 2557 similes
992 2493 1157 2574 designari
1175 2490 1335 2577 possunt),
1354 2492 1453 2574 cujus
1472 2509 1567 2555 rom·

399 2607 502 2686 posita
527 2603 716 2669 sublimitas
733 2619 817 2665 oum
840 2602 1016 2666 altitudine
1041 2599 1238 2686 (bomologa
1253 2601 1381 2665 scilicet
1399 2602 1464 2682 ipsi
1485 2598 1564 2685 ΒΑ)

398 2717 559 2794 aequetur
580 2711 645 2776 BA.
671 2710 745 2773 Fiat
778 2710 903 2791 igitur,
926 2716 962 2774 nt
985 2708 1040 2774 OB
1063 2710 1105 2773 ad
1128 2711 1205 2782 BA,
1229 2710 1277 2773 ita
1300 2708 1487 2791 amplitudo
1516 2707 1566 2774 uu

398 2822 441 2886 ad
462 2822 539 2896 GR,
563 2827 596 2885 et
618 2820 753 2883 inventa
774 2820 836 2883 erit
857 2819 925 2891 -CR,
949 2819 1132 2901 amplitudo
1155 2820 1281 2883 scilicet
1305 2817 1566 2899 semiparabolae

394 2935 492 3017 juxta
515 2929 731 2995 elevationem
756 2929 869 3012 anguli
896 2928 996 3003 BCE,
1019 2927 1117 3010 cujus
1140 2927 1327 2992 sublimitas
1349 2942 1427 2989 cum
1453 2924 1567 2988 altitu·

397 3043 473 3105 dine
491 3042 609 3125 juncta
632 3038 775 3120 spatium
801 3054 820 3099 a
844 3037 1009 3118 parallelis
1025 3035 1093 3107 GA.
1110 3037 1163 3103 CB
1178 3039 1370 3099 contentum
1386 3032 1565 3114 adaequat;

397 3151 485 3233 quod
508 3150 738 3232 quaerebatur.
761 3146 917 3229 Operatio
938 3147 1051 3228 itaque
1075 3147 1150 3211 talis
1173 3146 1259 3210 erit:

486 3257 608 3341 Anguli
621 3257 688 3320 dati
703 3254 783 3321 BCE
796 3261 934 3337 tangens
949 3255 1143 3336 accipiatur,
1155 3254 1252 3336 cujus
1266 3252 1432 3331 medietati
1447 3251 1567 3336 adjun-

399 3335 508 3447 gutur.¹
519 3367 616 3430 tertia
641 3365 891 3447 proportionalis
915 3365 1041 3445 ipsius,
1063 3369 1096 3426 et
1120 3362 1304 3427 medietatis
1328 3361 1391 3436 BG,
1413 3378 1501 3443 quae
1525 3362 1565 3425 sit

401 3473 463 3539 FO.
488 3474 560 3537 Fiat
584 3472 700 3537 deinde
724 3480 761 3535 ut
784 3471 839 3537 OB
852 3472 903 3557 ‚ad
927 3472 994 3543 BA,
1013 3474 1060 3535 ita
1079 3470 1130 3536 BC
1150 3471 1191 3534 ad
1212 3472 1325 3546 aliam,
1338 3486 1424 3551 quae
1440 3470 1484 3534 sit
1499 3470 1562 3539 CR.

400 3582 584 3663 amplitudo
607 3598 723 3662 nempe
745 3583 903 3663 quaesita.
927 3582 1127 3663 Exemplum
1148 3597 1319 3663 ponamus.

488 3688 537 3754 Sit
560 3688 702 3772 angulus
725 3689 807 3755 ECB
832 3708 879 3771 gr.
904 3691 957 3765 50,
980 3693 1043 3754 crit
1065 3691 1135 3772 ejus
1159 3697 1297 3773 tangens
1323 3689 1457 3765 ll,9l8,
1471 3692 1566 3774 cnjus

397 3798 585 3872 dimidium,
608 3813 725 3880 nempe
745 3798 807 3871 BF,
824 3798 923 3870 5959,
946 3799 1086 3863 dimidia
1109 3799 1160 3865 BC
1186 3799 1295 3872 5000,
1319 3798 1442 3863 barum
1466 3799 1566 3864 dimi·

397 3908 528 3971 diarum
555 3909 652 3971 tertia
677 3908 929 3990 proportionalis
952 3909 1053 3982 4105,
1076 3926 1161 3990 quae
1185 3907 1298 3971 addita
1321 3908 1383 3989 ipsi
1408 3907 1463 3972 BF
1486 3926 1565 3973 con·

399 4018 615 4093 001110,154
641 4037 698 4099 pro
721 4020 792 4101 ipsa
822 4016 886 4084 ΒΟ.
911 4019 985 4082 Fiat
1012 4035 1129 4081 rursus
1154 4023 1190 4081 ut
1213 4016 1267 4081 OB
1293 4017 1335 4081 ad
1358 4018 1426 4090 ΒΑ,
1450 4034 1566 4099 nempe

401 4133 437 4191 ut
463 4126 582 4203 10,154
605 4126 646 4189 ad
674 4127 813 4199 10,000,
837 4128 885 4191 ita
908 4127 982 4200 BC,
1005 4144 1122 4208 nempe
1148 4126 1268 4201 10,000
1288 4124 1454 4212 (utraque
1476 4128 1566 4191 euim

401 4255 448 4318 gr.
471 4235 515 4300 45
537 4241 585 4298 est
609 4234 769 4320 tangens)
794 4235 836 4299 ad
859 4236 981 4311 aliam,
1004 4243 1036 4299 et
1060 4236 1254 4301 babebimus
1282 4235 1468 4317 quaesitam
1494 4253 1568 4300 am·

400 4343 594 4423 ptitudinem
618 4345 690 4418 llll,
712 4345 815 4418 0848,
838 4346 988 4427 qualium
1012 4345 1062 4412 BC
1089 4343 1260 4430 (maxima
1285 4345 1494 4433 amplitudo)
1519 4352 1568 4410 est

403 4452 531 4527 10,000.
556 4456 680 4518 llarum
706 4460 818 4519 autem
849 4456 969 4536 duplae
994 4461 1070 4519 sunt
1094 4455 1329 4536 amplitudines
1359 4455 1573 4538 integrarum

403 4561 648 4642 parabolarum,
664 4581 779 4646 nempe
797 4564 916 4636 10095
931 4572 963 4627 01
982 4564 1114 4638 00000.
1127 4567 1297 4646 Tantaque
1309 4572 1358 4628 est
1375 4565 1479 4629 etiam
1495 4583 1577 4629 am-

401 4667 528 4750 plitudo
563 4673 737 4751 parabolae
766 4672 865 4754 juxta
893 4672 1111 4743 elevationem
1138 4673 1353 4755 gallicum
1383 4676 1596 4756 aequaliter-

400 4778 497 4842 dislct
522 4797 539 4842 a
565 4798 612 4861 gr.
637 4780 689 4844 45.
