3925 5784
400 705 467 769 ¹6illl
705 722 852 768 nlnnoom
878 721 978 768 nunna
1002 721 1106 767 neuun
1130 720 1256 768 sernum

397 860 455 923 per
486 844 617 923 onqntos
639 845 783 926 aequales
807 846 878 907 bine
901 844 971 906 inde
994 844 1034 907 eb
1058 844 1116 907 boe
1139 843 1329 914 distiterint,
1360 858 1453 906 eosne
1484 844 1568 924 finnt

400 952 585 1034 temporibus
607 953 692 1016 inter
714 970 746 1016 se
768 952 962 1035 aequalibus.

487 1062 558 1126 Sint
580 1062 615 1125 in
639 1061 809 1126 horizonte
831 1060 897 1125 duo
920 1064 1043 1143 puncta
1066 1062 1116 1131 A,
1139 1060 1165 1123 Β
1190 1055 1284 1144 (Fiq.
1308 1055 1397 1144 93),
1418 1063 1452 1122 et
1475 1076 1517 1122 ex
1543 1060 1568 1122 Β

398 1169 574 1233 inclinetur
596 1175 693 1232 reeta
707 1169 770 1241 BC,
794 1170 827 1231 iu
851 1186 915 1248 qua
938 1185 980 1231 ex
999 1168 1139 1230 termino
1155 1168 1181 1231 Β
1196 1171 1346 1232 sumatur
1359 1167 1416 1231 BD
1431 1167 1495 1250 ipsi
1510 1168 1568 1232 ΒΑ

398 1275 556 1357 aequalis,
578 1281 612 1339 et
630 1276 792 1359 jungatur
813 1276 881 1339 ΑΒ.
905 1275 998 1348 Dico,
1021 1291 1136 1338 nasum
1161 1291 1217 1356 per
1240 1275 1297 1338 ΑΒ
1320 1275 1467 1339 velocius
1497 1274 1567 1339 fieri

298 1369 300 1373 ’
398 1402 496 1470 quam
530 1403 585 1466 per
608 1384 789 1466 quamlibet
811 1403 852 1447 ex
876 1388 904 1457 Α
927 1385 969 1447 ad
994 1383 1185 1448 inclinatam
1210 1383 1262 1450 BC
1287 1386 1494 1465 productam.
1518 1386 1569 1449 En

400 1494 529 1572 nunctis
552 1491 640 1555 enim
664 1494 702 1562 Α,
726 1492 813 1555 Dad
832 1493 921 1573 ipsas
935 1492 1001 1560 BA,
1026 1491 1081 1555 BD
1104 1492 1390 1573 perpendiculares
1406 1494 1573 1558 ducantur

400 1601 465 1669 ΑΒ,
491 1600 557 1671 DE,
582 1615 616 1662 se
639 1617 673 1661 se
696 1600 729 1661 in
753 1599 780 1662 E
805 1603 969 1673 secantem
993 1605 1026 1662 et
1048 1600 1128 1680 quia·
1149 1602 1182 1663 in
1202 1600 1365 1681 triangulo
1379 1602 1568 1681 aequiorum

399 1709 483 1772 ΑΒΒ
505 1707 616 1789 anguli
640 1707 736 1780 ΒΑΒ,
759 1706 844 1769 ΒΒΑ
866 1711 942 1769 suut
964 1707 1129 1787 aequales,
1152 1711 1248 1771 eruut
1271 1708 1388 1788 reliqui
1404 1709 1570 1772 adrectos

399 1817 495 1889 ΒΑΕ,
518 1816 605 1880 ΕΒΑ
627 1815 794 1896 aequalem
818 1832 897 1897 ergo
919 1818 1034 1882 centro
1060 1816 1084 1879 E
1109 1815 1286 1880 intervallo
1308 1783 1569 1898 EA-de'seriptos

398 1926 543 1991 circulus
566 1943 623 2006 per
645 1926 674 1989 Β
696 1942 823 2006 quoque
846 1923 1016 2001 transibit,
1038 1932 1071 1989 et
1093 1925 1197 1989 lineas
1219 1926 1287 1998 ΒΑ,
1311 1926 1366 1989 ΒΒ
1389 1930 1508 2008 tanget·
1535 1927 1569 1989 iu

398 2035 526 2114 ponetis
548 2037 585 2102 A,
610 2035 648 2098 Β.
672 2034 714 2098 Et
737 2050 812 2098 eum
837 2036 865 2096 A
888 2034 928 2096 sit
952 2032 1113 2097 terminus
1135 2034 1358 2114 perpendleuli
1381 2034 1451 2110 ΑΒ,
1472 2051 1569 2099 cesus

398 2161 455 2223 per
488 2145 545 2210 ΑΒ
575 2144 675 2208 eitius
711 2143 901 2207 absolvetur
923 2157 1022 2224 quam
1045 2157 1103 2223 per
1124 2158 1353 2225 quameunque
1388 2143 1492 2207 aliam
1525 2159 1567 2207 ex

395 2255 510 2319 eodem
534 2254 675 2317 termino
698 2255 727 2315 Α
751 2267 852 2334 nsque
876 2252 918 2314 ad
940 2250 1063 2314 lineam
1086 2249 1138 2316 BC
1162 2249 1249 2314 ultra
1264 2249 1568 2317 circumferentiam

341 2404 343 2407 <
398 2363 514 2428 circuli
538 2368 721 2434 extensam
744 2361 830 2440 quod
853 2363 924 2424 erat
948 2359 1054 2441 primo
1071 2358 1320 2423 ostendendum.
1467 2394 1469 2397 ⁴

459 2518 461 2523 -
486 2472 580 2550 Quod
605 2471 632 2533 si
645 2476 792 2535 extenso
817 2468 1049 2551 perpendiculo
1066 2468 1134 2547 AF,
1151 2468 1186 2531 iu
1202 2486 1242 2532 eu
1260 2474 1411 2534 sumatur
1424 2470 1566 2551 quodvis

395 2590 546 2646 eerstrum
570 2582 605 2654 F,
628 2586 661 2644 et
679 2579 859 2643 seeundum
875 2577 1088 2642 intervallum
1108 2578 1163 2641 Fa
1179 2578 1323 2643 cuculus
1339 2577 1422 2645 AGC
1440 2581 1567 2645 deseri·

395 2693 492 2755 batur
515 2694 704 2772 tangentem
728 2687 907 2750 lineamiu
932 2686 1062 2767 punctis
1085 2684 1168 2762 G,C
1190 2702 1321 2761 secans,
1335 2685 1474 2768 junctae
1500 2687 1568 2762 AG,

395 2800 450 2866 AC
476 2816 533 2881 per
554 2797 692 2880 angulus
719 2797 880 2877 aequales
903 2814 923 2859 a
948 2795 1058 2859 media
1085 2795 1144 2858 ΑΒ
1166 2812 1209 2858 ex
1234 2800 1310 2859 ante
1332 2795 1568 2862 demonstratis

394 2910 600 2983 dirimemur,
623 2913 736 2987 einer
758 2907 846 2987 ipsas
871 2906 1008 2970 tationes
1024 2906 1226 2985 temporibus
1244 2905 1437 2988 aequalibus
1457 2911 1567 2973 absol-

395 3024 523 3091 ventur,
547 3034 622 3080 enm
646 3033 687 3078 ex
713 3019 834 3095 puncto
857 3014 990 3078 sublimi
1010 3016 1040 3077 A
1066 3014 1108 3077 ad
1133 3014 1431 3082 circumferentiam
1451 3012 1567 3083 eireuli

394 3126 477 3193 ΑΕΒ
499 3127 724 3190 terminentur.

553 3294 555 3299 ·
586 3371 588 3375 ,
621 3290 624 3296 ’
651 3296 822 3360 enormen
848 3294 926 3366 xn,
950 3294 1135 3394 emmeno
1159 3276 1305 3361 xxxin

485 3453 566 3519 Doto
597 3454 817 3535 pemendieulo
850 3463 879 3516 et
908 3454 1008 3535 plano
1035 3453 1077 3517 ed
1104 3454 1206 3533 ipsum
1229 3454 1402 3533 inelimato,
1426 3471 1566 3538 quorum

394 3562 500 3627 eodem
521 3564 561 3633 nt
585 3561 729 3633 altitudo,
754 3562 897 3643 idemque
921 3562 1074 3625 terminus
1096 3561 1252 3638 sublimis,
1268 3571 1424 3644 pometum
1441 3565 1478 3627 in
1494 3581 1566 3647 per·

391 3671 555 3752 penditote
576 3690 677 3753 supro
699 3672 869 3735 terminum
904 3642 1101 3736 communem
1124 3674 1285 3754 reperire,
1309 3689 1351 3737 em
1374 3687 1439 3755 quo
1460 3676 1498 3738 si‘
1513 3673 1567 3739 de·

395 3785 541 3848 mittetur
558 3783 678 3857 mobile,
701 3782 786 3862 quod
804 3791 911 3863 posteo
929 3790 1133 3846 convertatur
1146 3798 1203 3862 per
1217 3781 1348 3863 pluteum
1365 3782 1568 3859 inclinatum,

393 3893 495 3971 ipsum
517 3891 649 3972 planum
668 3892 809 3972 eonfieiot
829 3866 962 3972 lembore
978 3890 1093 3965 eodem,
1109 3908 1171 3971 qno
1190 3892 1293 3972 ipsum
1311 3891 1569 3973 perpendiculum

394 4019 434 4062 em
458 4001 559 4081 quiete
582 4002 755 4083 conficeret.

483 4108 554 4173 Sint
573 4109 841 4191 perpendiculum
864 4116 896 4174 et
912 4110 1045 4193 planum
1063 4110 1268 4182 inclinatum,
1293 4128 1433 4192 quorum
1451 4112 1568 4176 eadem

394 4221 434 4282 sit
458 4219 598 4282 altitudo
621 4220 700 4293 ΑΒ,
723 4219 777 4285 AC
806 4216 899 4304 (Εἰς.
923 4220 966 4284 94
980 4219 1001 4304 ),
1026 4213 1154 4302 oportet
1177 4223 1211 4283 iu
1238 4220 1472 4302 perpendiculo
1494 4222 1570 4294 ΒΑ,

396 4327 554 4406 producto
576 4346 619 4391 ex
642 4336 733 4410 parte
756 4331 807 4401 Α,
830 4336 988 4410 punctum
1012 4328 1177 4410 reperire,
1207 4346 1250 4393 ex
1272 4347 1337 4410 quo
1360 4328 1565 4393 descendeus

395 4434 515 4507 mobile
536 4436 692 4500 conficiat
716 4438 860 4517 spatium
883 4436 937 4503 AC
957 4436 1072 4500 eodem
1091 4442 1257 4516 tempore·
1267 4452 1331 4516 quo
1351 4433 1489 4498 eontieit
1506 4435 1570 4497 da-

396 4551 463 4605 tum
489 4546 756 4633 perpendicnlum
780 4546 835 4608 ΑΒ
859 4563 900 4607 ex
923 4546 1031 4626 quiete
1054 4546 1087 4612 in
1112 4548 1149 4606 Α.
1174 4545 1320 4609 Ponatur
1342 4543 1426 4609 beu
1444 4544 1487 4607 ad
1505 4561 1567 4607 an-

394 4651 488 4731 gulos
511 4658 617 4716 rectos
641 4652 682 4714 ad
707 4652 771 4725 AC,
795 4661 826 4714 et
850 4659 977 4716 secetur
1001 4651 1056 4717 Cl)
1079 4651 1226 4733 aequalis
1251 4652 1327 4722 ΛΒ,
1352 4655 1384 4714 et
1403 4651 1566 4733 jungatur

371 4847 374 4853 Ι
394 4760 462 4824 AD:
478 4762 540 4824 erit
557 4761 697 4841 ningulus
719 4762 800 4826 ΑΒΒ
819 4761 923 4840 major
947 4763 1069 4842 angulo
1091 4761 1175 4826 CAD
1193 4758 1262 4845 (est
1280 4763 1367 4824 enim
1386 4762 1442 4825 CA
1462 4761 1565 4843 majos
