3925 5784
865 717 1021 764 crorum
1043 718 1143 766 rouza
1524 702 1586 768 tto

415 846 504 906 sesta
528 841 754 924 proposizione
783 840 999 915 detl'Autore3
1029 857 1083 905 ma
1106 841 1193 907 baeti
1222 858 1278 922 per
1304 857 1364 904 cru
1389 840 1435 906 tat
1458 842 1586 925 digres-
1704 909 1708 915 ,

414 951 520 1027 sicne,
535 949 597 1015 che
613 949 699 1015 torae
718 948 761 1032 gli
779 946 797 1013 e
816 947 954 1013 riuscita
970 955 1087 1032 troppo
1103 948 1239 1022 tediosa,
1256 943 1586 1014 benene-veramente

413 1058 448 1121 di
473 1057 607 1139 prcfltto
630 1058 665 1122 in
687 1062 802 1138 queste
824 1057 963 1120 materie
986 1056 1037 1121 del
1064 1062 1163 1122 moto.

506 1166 599 1232 Secu.
616 1166 700 1230 Auzi
717 1165 831 1229 dimin
847 1164 1067 1247 grandissimo
1084 1171 1181 1248 gustu
1198 1183 1217 1229 e
1237 1166 1503 1231 necessarissima
1520 1168 1583 1232 allo

415 1274 554 1356 perletta
577 1276 785 1359 intelligenda
807 1274 841 1338 di
864 1274 940 1355 quel
962 1275 1132 1356 principio.

505 1383 600 1449 Serv.
621 1378 805 1466 Ripiglierlr
828 1382 961 1464 dunque
986 1381 1017 1445 la
1037 1382 1158 1447 lettura
1183 1382 1234 1446 del
1260 1387 1354 1447 testo.

726 1556 905 1620 Terrenum
927 1555 980 1624 lll.
1005 1556 1191 1620 Puerosrrm
1220 1557 1271 1621 lll.

448 1754 451 1760 ·
500 1722 541 1786 Si
562 1739 658 1806 cuper
687 1722 784 1805 plano
813 1723 986 1798 inclinato,
1008 1732 1103 1807 ctqoe
1126 1726 1159 1788 ic
1180 1724 1423 1808 perpendiculo,
1449 1743 1583 1808 quorum

413 1830 520 1895 ecdem
543 1833 584 1895 cit
605 1831 754 1907 altitudo,
775 1831 902 1911 feratur
924 1849 965 1895 ec
987 1833 1091 1914 quiete
1114 1832 1195 1897 idem
1217 1833 1342 1908 melite,
1370 1843 1509 1915 tempore
1532 1834 1585 1897 ln-

414 1943 537 2007 tiormm
569 1950 664 2006 erunt
694 1944 777 2005 inter
809 1959 841 2005 ce
868 1948 904 2003 ut
929 1940 1020 2022 ploni
1048 1942 1145 2024 ipsios
1179 1952 1209 2007 et
1236 1943 1450 2028 perpendiculi
1483 1944 1584 2024 lonqi-

414 2049 548 2115 tudinet.
1440 2081 1442 2086 v
1477 2095 1479 2100 ,

500 2158 550 2227 Sit
574 2160 708 2244 planum
728 2160 926 2226 inclinatum
950 2159 1005 2227 AG
1031 2157 1126 2245 (Fip.
1150 2156 1229 2245 52),
1253 2164 1287 2224 et
1310 2159 1583 2242 perpendiculum

414 2269 477 2343 ΑΒ,
498 2287 642 2351 quorum
667 2270 783 2334 eadem
806 2270 849 2335 eit
871 2268 1015 2334 altitudo
1037 2287 1138 2351 cupra
1162 2269 1364 2334 horizontem
1385 2269 1448 2345 CB,
1465 2279 1582 2352 nempe

413 2377 550 2457 ipsamet
573 2379 660 2444 linea
682 2378 869 2452 Bucltico,
900 2383 1029 2459 tempus
1057 2378 1233 2443 descensus
1268 2379 1414 2462 ejusdem
1451 2380 1582 2446 mobilis

412 2500 507 2563 super
531 2483 629 2565 pleno
653 2484 719 2559 AC,
741 2484 784 2548 ad
807 2491 936 2567 tempus
958 2503 1057 2550 casus
1081 2486 1115 2549 in
1139 2486 1373 2569 perpendiculo
1405 2490 1484 2563 ΑΒ,
1507 2507 1581 2553 eam

411 2588 530 2656 habere
563 2592 749 2668 rationem,
770 2609 872 2673 quam
896 2592 996 2657 hebet
1019 2593 1192 2675 longitudo
1217 2594 1305 2674 plani
1330 2594 1385 2662 Ac
1410 2594 1453 2659 ad
1476 2597 1580 2678 ipsius

411 2700 634 2783 perpendiculi
662 2702 718 2767 AB
745 2702 997 2784 longitudinem.
1031 2702 1264 2785 lntelligantur
1297 2705 1386 2769 enim
1419 2705 1580 2787 quotlibet

409 2810 516 2876 tineae
540 2810 618 2887 DG,
642 2810 707 2885 El,
731 2810 805 2886 FL,
828 2810 991 2874 horizonti
1016 2809 1070 2876 CB
1093 2810 1285 2892 parallelae:
1308 2818 1438 2877 constat
1461 2830 1503 2876 ex
1525 2830 1581 2876 as-

407 2924 560 3000 sumpto,
585 2920 707 3002 gradus
730 2920 915 2986 velocitatis
938 2920 1075 2986 mobilis-
1093 2938 1135 2984 ex
1158 2923 1187 2984 Α
1212 2922 1319 3002 primo
1350 2928 1460 2987 motus
1483 2923 1580 2988 initio

404 3030 435 3095 in
461 3031 596 3113 punctis
618 3030 678 3098 Gl)
699 3032 879 3114 acquisitos
902 3050 973 3097 esee
998 3034 1164 3115 aequales,
1185 3051 1263 3098 cum
1288 3051 1440 3098 accessus
1456 3035 1497 3099 ad
1513 3036 1576 3100 ho·

401 3141 565 3207 rizontem
581 3141 736 3223 aequales
749 3142 837 3207 sint:
859 3143 1015 3207 similiter
1037 3146 1160 3225 gradus
1183 3145 1217 3207 in
1243 3144 1373 3226 punctis
1389 3146 1413 3219 1,
1429 3145 1455 3208 E
1476 3145 1575 3210 iidem

397 3254 518 3324 erunt,
552 3265 701 3313 necmnn
726 3250 848 3333 gradus
871 3251 905 3315 in
928 3251 954 3316 L
977 3257 1010 3314 et
1033 3252 1067 3315 F.
1099 3253 1194 3331 Quod
1219 3254 1244 3318 ei
1270 3271 1335 3317 non
1360 3254 1422 3317 trac
1444 3258 1575 3318 tautum

398 3357 592 3440 paralleloe,
614 3358 672 3423 ced
695 3376 737 3422 ex
755 3359 886 3442 punctis
901 3361 1057 3424 omnibus
1073 3361 1179 3425 lineae
1193 3362 1373 3444 AB'ucque
1393 3363 1434 3427 ad
1454 3361 1575 3427 lineam

395 3469 454 3536 AG
481 3474 670 3552 protractae
685 3469 930 3553 intelligantur3
947 3478 1127 3547 momenta,
1143 3489 1201 3536 seu
1221 3473 1343 3555 gradm
1359 3474 1575 3539 velocitatem

395 3580 432 3643 in
457 3579 611 3645 terminis
644 3578 852 3662 singularum
889 3579 1123 3660 parallelorum
1155 3599 1284 3664 semper
1309 3589 1408 3649 eruut
1432 3585 1518 3648 inter
1540 3603 1574 3649 se

396 3687 505 3767 porta
524 3685 753 3753 conficiantur
775 3687 888 3768 ltaque
911 3687 1020 3770 spotia
1036 3688 1104 3753 duo
1122 3689 1189 3768 Ac,
1207 3692 1263 3755 ΑΒ
1281 3691 1397 3756 iisdem
1417 3694 1574 3775 gradibus

397 3793 600 3861 velocitatis.
624 3794 687 3861 Sed
710 3794 974 3861 demonstratum
997 3804 1061 3869 est,
1086 3799 1173 3879 quod
1198 3799 1224 3862 si
1248 3798 1316 3861 duo
1339 3798 1446 3880 spatia
1466 3797 1574 3861 conli-

393 3904 535 3968 ciantur
557 3920 578 3966 u
600 3902 737 3980 mobili,
759 3904 848 3985 quod
872 3904 991 3969 iisdem
1016 3906 1203 3971 velocitatis
1232 3908 1390 3988 gradihus
1425 3906 1572 3983 teratur,

392 4029 501 4094 quam
524 3997 686 4076 rationem
708 4010 831 4076 habent
855 4014 926 4093 ipsa
948 4014 1072 4095 spatia,
1093 4014 1230 4077 eandem
1266 4013 1388 4076 habent
1422 4018 1570 4093 tempora

395 4120 575 4198 lationnm,
597 4137 677 4203 ergo
701 4126 829 4201 tempus
848 4121 980 4185 lationis
1004 4139 1060 4203 per
1080 4122 1134 4190 AG
1159 4122 1200 4186 od
1219 4127 1348 4201 tempus
1366 4138 1422 4203 per
1438 4121 1570 4199 Aliost,

397 4235 435 4294 ut
459 4228 634 4312 longitudo
657 4228 745 4310 plani
760 4229 815 4297 Ac
832 4232 875 4295 ad
892 4231 1133 4313 longitudinem
1151 4230 1373 4314 perpendiculi
1390 4232 1456 4295 AB.
1472 4232 1568 4310 Quod

395 4343 470 4401 erat
493 4336 776 4402 demostrandum.
1597 4341 1601 4348 '

432 4594 434 4602 ·
488 4556 582 4623 Secu.
605 4557 715 4623 Parmi
740 4558 801 4623 che
825 4560 911 4623 assai
935 4559 1160 4624 chiaramonte
1183 4577 1202 4622 e
1225 4576 1288 4623 ccu
1310 4555 1439 4624 brevite
1464 4562 1490 4625 si
1511 4579 1569 4642 po·

399 4673 476 4732 teve
505 4666 703 4733 concludere
726 4667 749 4731 il
774 4668 969 4745 medesimo,
993 4669 1157 4734 essendosi
1186 4664 1242 4753 gia
1264 4671 1423 4735 concluso
1451 4672 1567 4735 chela

398 4793 527 4842 somma
550 4776 601 4843 del
624 4782 713 4844 motc
737 4777 919 4843 accelerato
939 4779 990 4843 dei
1007 4780 1159 4863 passaggi
1178 4798 1235 4862 per
1251 4780 1318 4859 AC,
1336 4782 1391 4848 ΑΒ
1409 4778 1568 4864 equanto
