3925 5784
690 735 861 782 annuamus
886 738 966 784 aura
991 737 1143 786 oronnam
1166 741 1299 797 ouanra.
1514 725 1579 793 283

407 857 529 937 scripta
553 863 686 938 superat
711 859 902 940 inscriptam
926 860 1080 942 liguram,
1097 864 1272 941 gravitatis
1288 869 1438 929 centrum
1455 866 1517 928 erit
1539 866 1580 942 R,

404 964 492 1043 quod
515 970 566 1027 est
588 965 804 1047 impossibile,
829 968 964 1048 planum
988 971 1077 1033 errim
1100 970 1238 1036 ductum
1263 991 1318 1054 per
1342 975 1370 1037 R
1392 974 1462 1037 basi
1501 977 1576 1038 coni

403 1071 629 1151 aequidistans
653 1074 759 1137 dictas
784 1076 948 1156 portiones
972 1093 1037 1141 uon
1061 1085 1161 1142 secat.
1187 1081 1319 1144 Falsum
1341 1082 1443 1164 igitur
1459 1087 1518 1155 est.
1535 1084 1578 1146 li·

405 1198 500 1244 neam
525 1182 577 1247 ES
600 1200 665 1246 uon
689 1200 760 1250 esse
784 1185 944 1249 minorem
969 1189 1040 1267 ipsa
1064 1188 1111 1261 tt:
1134 1189 1197 1252 erit
1229 1207 1309 1271 ergo
1343 1192 1460 1255 minor.
1485 1193 1575 1257 llaec

404 1295 517 1355 autem
540 1309 606 1355 non
630 1293 783 1358 dissimili
803 1295 901 1358 modo
923 1297 957 1359 in
984 1297 1154 1379 pyramide
1171 1299 1241 1362 lieri
1259 1316 1351 1379 posse
1370 1299 1576 1365 demonstra-

403 1396 538 1459 buntur.
1053 1413 1062 1424 ⁸

738 1630 742 1640 .
869 1572 1105 1638 Coaounanrnn.

492 1731 542 1795 Ex
567 1732 618 1795 bis
642 1716 852 1795 manifestum
874 1737 947 1805 est,
970 1750 1054 1795 cono
1077 1730 1156 1795 dato
1179 1749 1273 1813 posse
1297 1733 1439 1815 liguram
1475 1751 1575 1798 unam

400 1840 646 1917 circumscribi,
661 1849 694 1903 et
710 1840 850 1904 alteram
866 1841 1013 1915 inscribi,
1029 1858 1070 1904 ex
1088 1841 1246 1923 cylindris
1262 1836 1443 1922 aequalem
1454 1841 1573 1906 altitu-

400 1948 510 2012 dinem
540 1948 748 2024 habentibus,
772 1949 819 2012 ita
843 1953 880 2012 ut
896 1947 1014 2025 lineae,
1030 1966 1115 2030 qnae
1134 1950 1351 2012 interearum
1369 1956 1483 2016 centra
1500 1969 1576 2031 gra-

401 2059 557 2132 vitatum,
580 2063 613 2120 et
638 2051 811 2138 punctum,
834 2059 922 2139 quod
946 2075 1043 2121 axem
1067 2059 1142 2122 conl
1167 2058 1213 2121 ita
1237 2058 1368 2131 dividit,
1388 2066 1425 2122 ut
1443 2077 1518 2141 pars
1534 2060 1576 2123 ad

400 2168 561 2231 verticem
584 2167 730 2248 reliquae
754 2168 797 2231 sit
822 2166 942 2248 tripla,
965 2167 1245 2250 intercipiuntur,
1269 2186 1467 2250 quacunque
1495 2170 1574 2233 data

400 2277 486 2339 linea
511 2277 577 2339 sint
600 2277 754 2340 minores.
779 2276 862 2343 Cum
886 2278 987 2350 enim,
1011 2285 1047 2341 ut
1071 2279 1333 2342 demonstratum
1356 2284 1423 2353 est,
1447 2278 1574 2342 dictum

400 2391 563 2466 prunetum¹
586 2402 684 2449 anem
707 2385 871 2460 dividens,
894 2392 931 2450 ut
954 2387 1162 2463 dictumest,
1182 2388 1574 2468 semperiutercirevrm·

399 2495 543 2575 scriptae
565 2500 599 2556 et
618 2494 800 2574 inscriptae
824 2495 1028 2575 gravitatum
1060 2502 1173 2559 centra
1203 2496 1408 2577 reperiatur:
1434 2495 1571 2577 lienique

400 2604 512 2686 possit,
530 2609 674 2685 utquae
689 2604 776 2667 iuter
794 2604 908 2667 eudem
925 2612 1040 2668 centra
1059 2606 1193 2680 mediat,
1206 2606 1293 2669 linea
1308 2607 1417 2669 minor
1433 2608 1476 2668 stt
1488 2623 1573 2686 qua·

398 2729 527 2793 cunque
550 2711 637 2775 linea
663 2712 855 2793 proposita;
880 2714 986 2776 multo
1014 2714 1122 2778 minor
1151 2716 1266 2778 candem
1289 2715 1456 2796 proposita
1484 2716 1570 2779 linea

398 2824 450 2896 sit,
481 2839 571 2903 quae
590 2822 676 2885 inter
699 2821 841 2888 alterum
865 2830 1068 2897 ceutronum,
1091 2829 1122 2888 et
1142 2824 1269 2889 dictum
1294 2831 1454 2907 punctum
1478 2843 1574 2889 axem

399 2932 548 2997 dividens
566 2930 791 3012 intercipitur.

853 3101 1040 3166 rnonosnro
1063 3103 1117 3166 lx.
1157 3194 1160 3202 .

483 3258 658 3342 cujuslibet
680 3261 762 3337 coni,
785 3261 833 3324 uel
853 3263 1025 3343 pyrurnidia
1048 3271 1193 3325 ueratrum
1215 3264 1379 3341 prauitatis
1404 3277 1497 3325 axem
1515 3262 1564 3323 dt·

399 3370 476 3447 nidlt,
500 3377 536 3433 ut
558 3387 632 3451 porr
655 3370 865 3433 advertirent
888 3370 1027 3453 reliquae
1049 3372 1092 3435 ud
1115 3372 1204 3434 busin
1228 3374 1269 3435 sit
1293 3373 1396 3453 triplo.
1438 3393 1442 3398 ·

481 3479 565 3544 Esto
587 3495 692 3542 nonus
717 3475 800 3563 (Fip.
820 3476 906 3564 138),
928 3479 1027 3563 cuius
1051 3480 1124 3543 axis
1145 3481 1210 3552 ΑΒ,
1226 3486 1259 3544 et
1276 3479 1348 3547 iuC
1368 3480 1561 3555 dividatur,

400 3587 439 3650 ita
472 3590 512 3651 ut
549 3585 603 3652 AC
627 3586 772 3667 reliquae
796 3588 848 3653 CB
871 3588 913 3654 sit
938 3587 1051 3668 tripla:
1086 3590 1327 3655 ostendendum
1349 3595 1420 3666 est,
1444 3590 1468 3656 d
1492 3608 1564 3654 esse

399 3693 571 3775 gravitatis
593 3701 747 3759 centrum
770 3698 856 3761 roni.
878 3696 965 3762 Nam
988 3698 1019 3761 si
1041 3715 1107 3762 non
1130 3706 1205 3775 est,
1227 3701 1291 3764 erit
1314 3700 1387 3787 conl
1417 3705 1568 3762 centrum

396 3809 449 3868 aut
472 3821 586 3885 supra,
608 3803 771 3870 autinlra
796 3810 956 3887 puuctum
979 3806 1014 3871 C.
1039 3805 1088 3870 Sit
1112 3807 1203 3887 prius
1227 3806 1330 3879 intrn;
1352 3811 1385 3867 et
1407 3805 1451 3867 sit
1474 3804 1517 3868 ll:
1537 3811 1569 3867 et

394 3918 578 3994 exponatur
599 3913 687 3978 linea
711 3913 759 3979 SP
782 3914 930 3995 aequalis
947 3914 1024 3988 GE,
1047 3931 1132 3996 quae
1147 3916 1375 3997 contingenter
1393 3912 1567 3976 dividatur

393 4022 423 4084 in
445 4020 491 4097 N;
511 4025 545 4086 et
566 4039 669 4104 quam
693 4021 855 4085 rationem
878 4022 978 4086 babet
1000 4027 1141 4103 utraque
1157 4021 1257 4085 simul
1276 4021 1342 4104 BE,
1360 4018 1415 4083 FN
1434 4017 1477 4081 ad
1500 4018 1566 4092 ΡΝ,

393 4130 476 4196 bano
499 4129 622 4196 babent
644 4147 749 4194 nonus
772 4129 814 4194 ad
838 4129 981 4194 solidum
1006 4130 1047 4206 x,
1069 4137 1101 4193 et
1125 4128 1326 4193 inscribatur
1349 4143 1433 4191 cono
1456 4124 1562 4189 solida

393 4238 498 4321 ligura
520 4256 564 4302 ex
586 4238 747 4320 cylindris
770 4239 942 4320 aequalem
979 4240 1188 4304 altitudinem
1224 4238 1444 4314 habentibus,
1471 4237 1567 4320 cnjus

392 4357 542 4414 centrum
564 4349 741 4432 gravitatis
763 4368 784 4414 a
807 4354 929 4431 puncto
952 4348 976 4416 C
1004 4351 1112 4415 minus
1144 4350 1253 4413 distet·
1270 4364 1370 4429 qnam
1400 4348 1443 4409 sit
1478 4347 1566 4409 linea

392 4463 454 4535 Sli3
477 4468 511 4525 et
534 4477 702 4539 excusus,
723 4477 789 4541 quo
813 4477 832 4522 a
855 4476 940 4524 nono
964 4465 1161 4542 superatur,
1186 4458 1292 4522 minor
1316 4456 1360 4520 sit
1382 4454 1488 4519 solido
1514 4456 1566 4522 X:

392 4570 469 4636 baec
503 4570 592 4635 enim
622 4569 695 4634 lieri
716 4587 833 4651 posse,
858 4588 900 4634 ex
924 4570 1161 4634 demonstratis
1196 4567 1407 4632 manifestum
1431 4571 1491 4629 est.
1516 4565 1564 4630 Sit

392 4681 454 4760 iam
478 4681 639 4762 inscripta
663 4680 770 4764 ligura
793 4682 900 4762 qualis
925 4681 1068 4763 petitur,
1091 4680 1188 4760 cujns
1209 4683 1359 4743 nentrum
1390 4675 1563 4759 gravitatis

400 4791 434 4854 sit
456 4793 477 4856 l.
498 4793 571 4857 Erit
590 4792 691 4872 igitur
715 4791 755 4855 lE
780 4791 864 4856 linea
890 4791 997 4872 major
1020 4809 1118 4873 quam
1135 4790 1201 4865 NP,
1218 4808 1294 4857 curu
1315 4790 1361 4854 Sl’
1382 4788 1423 4851 sit
1443 4802 1561 4866 aequa-
