3925 5784
397 716 460 782 150
703 732 847 779 ornuoanr
871 732 974 779 unuin
998 730 1101 780 unove
1124 733 1251 779 serenan

803 886 806 894 ·
873 856 1002 916 Axroua
1027 853 1075 916 ΙΙΙ.

483 985 629 1083 Spatia-m
643 1017 664 1064 a
680 1001 794 1081 mojori
811 1002 971 1065 vetoeitote
990 1002 1165 1094 conpertum
1182 969 1315 1083 tempore
1332 1000 1434 1066 eodem
1452 1000 1559 1081 majos

391 1120 437 1215 ¹est
459 1111 559 1193 spatio
582 1109 720 1202 consecto
743 1127 764 1173 o
786 1111 904 1173 minori
926 1109 1098 1175 oetooitote.

872 1267 1081 1331 anroenlv,

488 1419 649 1492 Vetueitom
683 1436 747 1499 quo
781 1425 915 1499 tempore
938 1417 1044 1514 rotem
1068 1418 1233 1502 conficitur
1266 1416 1371 1498 majus
1406 1415 1559 1497 spatium,

394 1530 496 1610 major
519 1536 563 1592 est
584 1528 753 1626 oetoeitote,
777 1544 841 1610 qoe
863 1510 1030 1608 conficitur
1051 1521 1188 1607 spetio'm
1212 1526 1331 1589 minos.

729 1686 906 1749 Tanounua
928 1661 957 1757 Ι,
991 1685 1177 1748 Pnonosrrro
1199 1684 1222 1747 Ι.

483 1834 522 1899 Si
545 1834 655 1899 Mobile
679 1835 884 1916 aequabiliter
905 1835 1004 1898 totum
1026 1833 1194 1915 eademqne
1223 1851 1295 1897 oum
1315 1833 1475 1897 oetoeitnte
1500 1833 1573 1897 duo

391 1954 587 2029 pertranseat
614 1944 738 2026 spatio,
767 1952 908 2024 temporo
938 1941 1093 2007 tationem
1110 1933 1213 2005 'erunt
1236 1944 1321 2005 inter
1343 1959 1375 2004 re
1399 1952 1435 2006 ot
1454 1943 1559 2023 spotia

392 2064 545 2137 peractae
567 2060 599 2118 et
622 2055 650 2119 si
674 2059 822 2135 tempora
840 2054 1003 2118 lationum
1025 2052 1092 2115 sint
1106 2056 1145 2115 ut
1159 2052 1268 2133 spatia
1283 2050 1450 2133 aequabili
1467 2056 1561 2115 motu

395 2168 549 2244 peraeta,
571 2161 818 2227 velocitaserit
841 2151 955 2224 eadem
982 2156 1038 2245 (1).
1174 2168 1177 2176 ’

484 2276 694 2339 Pertranseat
717 2272 806 2336 enim
829 2272 951 2338 mobile
973 2271 1192 2353 aequabiliter
1215 2272 1321 2335 iatum
1344 2271 1459 2335 eadem
1483 2287 1560 2333 eum

394 2380 569 2446 velocitate
593 2380 659 2443 duo
682 2382 790 2460 spatia
814 2378 879 2450 ΑΒ,
903 2377 954 2442 ΒΕ
980 2374 1063 2464 (aq.
1084 2374 1151 2462 40),
1173 2382 1205 2439 et
1230 2378 1272 2441 sit
1296 2382 1426 2459 tempus
1451 2383 1561 2440 motus

395 2507 451 2570 per
474 2490 541 2564 ΑΒ,
565 2489 642 2563 ΒΕ;
668 2493 797 2569 tempus
824 2471 1036 2552 vererumne
1060 2504 1115 2567 per
1139 2486 1190 2553 ΒΕ
1215 2491 1286 2550 esto
1308 2486 1372 2550 EF.
1396 2486 1502 2563 Dico,
1524 2490 1561 2548 ut

394 2600 537 2677 spatium
563 2598 619 2663 ΑΒ
641 2596 684 2661 ad
707 2598 850 2678 epatium
875 2596 942 2669 ΒΕ,
965 2598 1014 2660 ita
1036 2601 1260 2677 essetempus
1284 2596 1339 2660 DE
1363 2596 1405 2660 ati
1431 2602 1562 2675 tempus

394 2703 458 2767 EF.
483 2704 723 2769 protrahantur
746 2706 901 2785 utrinque
922 2704 1041 2785 spatia,
1059 2708 1094 2767 et
1110 2708 1257 2783 tempora
1281 2720 1396 2768 versus
1419 2702 1460 2776 G,
1478 2702 1509 2766 Β
1530 2710 1562 2778 et

392 2811 416 2882 Ι,
437 2811 479 2884 Κ,
502 2818 535 2874 et
557 2814 592 2874 in
609 2811 667 2877 ΑΕ
690 2817 867 2875 sumantur
889 2817 1101 2892 quotcunque
1126 2810 1234 2892 spatia
1252 2811 1314 2893 ipsi
1327 2812 1382 2875 ΑΒ
1397 2811 1563 2891 aequalia,

394 2924 426 2981 et
451 2920 588 2983 totidem
613 2925 761 3001 tempora
783 2920 816 2983 iu
843 2920 885 2983 DI
904 2920 1043 3000 tempori
1068 2921 1124 2984 DE
1148 2919 1302 2983 similiter
1329 2918 1484 3000 aequalia
1502 2938 1512 2992 3
1531 2922 1563 2981 et

395 3044 520 3092 rursus
535 3031 568 3092 in
593 3030 650 3095 ΕΗ
668 3035 844 3093 sumantur
861 3025 1043 3093 seeundum
1060 3047 1293 3109 quameunque
1313 3027 1564 3092 multitudinem

395 3138 589 3219 spatia-ipsi
612 3137 665 3212 ΕΒ
686 3138 862 3220 aequalia,
892 3145 926 3202 et
949 3138 1087 3202 totidem
1111 3143 1260 3219 tempora
1281 3138 1325 3202 iu·
1342 3137 1398 3202 ΕΚ
1421 3138 1564 3218 tempori

396 3246 450 3312 EF·
473 3247 637 3329 aequalia.
672 3248 780 3322 Erunt
801 3247 873 3329 jnm
896 3247 1041 3328 spatium
1081 3247 1136 3314 ΒΕ
1174 3255 1208 3315 et
1244 3254 1371 3329 tempus
1394 3246 1443 3311 Ei·
1460 3264 1565 3329 aeque

397 3355 594 3436 muitiplieia
631 3357 729 3436 spatii
764 3358 820 3421 BA
855 3350 900 3420 et
920 3358 1076 3437 temporis
1109 3356 1167 3421 ΕΒ
1196 3358 1296 3441 juxta
1329 3372 1564 3437 quameunque

393 3467 702 3548 multiplicationem
728 3478 887 3547 aoeepta,
915 3472 948 3530 et
970 3467 1123 3532 similiter
1146 3467 1289 3548 spatium
1309 3467 1365 3531 ΗΒ
1387 3472 1421 3528 et
1435 3470 1565 3546 tempus

394 3576 465 3648 ΚΕ,
488 3575 587 3654 spatii
610 3575 664 3646 ΕΒ
687 3576 908 3656 temporisque
932 3577 985 3642 ΕΒ
1009 3592 1112 3658 aeque
1135 3575 1333 3657 multiplicia
1362 3576 1398 3639 in
1417 3574 1565 3657 qualibet

394 3682 679 3763 multiplicatione.
704 3684 745 3748 Et
769 3683 848 3764 quia
870 3684 926 3750 ΒΕ
949 3691 1000 3750 est
1020 3691 1149 3766 tempus
1164 3684 1305 3750 ¹tationis
1330 3700 1388 3765 per
1409 3685 1479 3758 ΑΒ,
1501 3682 1565 3745 erit

393 3796 507 3856 totum·
523 3791 719 3871 Eltempus
744 3791 845 3855 totius
869 3792 933 3863 BG,
957 3811 1034 3858 eum
1059 3798 1171 3857 motus
1193 3796 1336 3873 ponatur
1359 3789 1567 3871 aequabilis,

392 3901 525 3981 sintque
547 3900 581 3964 in
605 3898 648 3969 ΕΙ
671 3905 720 3969 tot
745 3901 979 3982 temporaipsi
1003 3900 1059 3966 ΒΕ
1079 3900 1349 3981 aequalia,qnot
1365 3898 1495 3963 suntin
1508 3896 1567 3964 ΒΕ

395 4009 502 4089 spatia
525 4007 679 4089 aequalia
704 4008 775 4080 ΒΑ;
800 4012 833 4070 et
856 4008 1010 4072 similiter
1032 4008 1251 4079 concludetur
1267 3989 1327 4069 ΚΕ
1346 4023 1418 4070 esee
1434 4011 1566 4086 tempus

394 4117 527 4182 lationis
552 4135 609 4197 per
633 4116 698 4181 ΗΒ.
714 4115 799 4182 Cum
816 4122 927 4182 autem
946 4124 1057 4183 motus
1075 4124 1217 4199 ponatur
1234 4116 1429 4198 aequabilis,
1444 4116 1474 4179 ei
1491 4132 1568 4196 spa·

396 4226 478 4292 tium
501 4226 556 4294 ΕΒ
578 4234 665 4291 esset
687 4228 826 4309 aequale
848 4228 911 4309 ipsi
935 4229 1015 4302 BH,
1052 4235 1181 4309 tempus
1203 4244 1336 4310 quoque
1358 4225 1401 4289 ΙΕ
1425 4224 1566 4305 tempori

394 4334 453 4397 ΕΚ
476 4334 559 4397 foret
582 4335 742 4416 aequale,
776 4342 809 4398 et
836 4337 863 4400 ei
889 4336 944 4402 ΕΒ
970 4336 1080 4417 majus
1102 4337 1146 4400 sit
1170 4353 1271 4417 quam
1295 4335 1377 4408 BH,
1399 4333 1501 4396 etiam
1525 4332 1568 4396 ΙΕ

394 4461 494 4525 quam
518 4445 575 4509 ΕΚ
601 4446 708 4528 maJus
732 4448 807 4520 erit,
830 4454 862 4511 et
886 4449 914 4511 si
939 4449 1071 4524 minus,
1096 4453 1215 4511 minus.
1241 4448 1323 4513 Sunt
1347 4447 1460 4527 itaque
1484 4462 1568 4526 qua·

395 4560 471 4621 tuor
495 4555 759 4633 magnitudines:
784 4557 839 4620 ΑΒ
864 4557 993 4637 prima,
1018 4557 1068 4624 ΒΕ
1092 4556 1260 4634 secunda,
1285 4556 1339 4620 ΒΕ
1366 4553 1489 4629 tertia,
1513 4554 1569 4623 EF

463 4800 503 4860 qo
520 4797 652 4859 aggeum
670 4798 711 4848 aa
728 4798 836 4852 vivieni.
927 4767 930 4773 ’
