3925 5784
396 693 462 759 268
701 712 849 758 nrnnousn
873 712 975 757 nunus
1000 712 1102 757 nitrive
1126 711 1252 757 sumnus
1299 724 1302 730 ⁴

482 832 516 894 ln
540 830 623 894 libra
648 829 759 910 itaque
783 832 838 894 AB
863 827 956 915 (Fip.
985 829 1071 917 127)
1099 848 1141 895 cx
1165 832 1332 896 distantiis
1369 832 1565 913 aequalibus

366 963 369 970 ·
394 938 555 1018 pendeant
577 943 787 1018 quotcunque
811 955 948 1009 numero
972 940 1216 1021 magnitudines
1240 939 1275 1009 F,
1295 938 1345 1010 G,
1371 939 1424 1014 H,
1447 938 1502 1011 K,
1525 938 1566 1013 N,

394 1046 508 1127 quales
530 1039 656 1109 dictum
680 1051 741 1120 est,
763 1064 902 1127 quarum
927 1047 1068 1111 minima
1091 1048 1135 1111 sit
1157 1048 1203 1122 N;
1223 1049 1354 1129 sintque
1369 1053 1491 1129 puncta
1511 1063 1567 1111 su-

393 1156 603 1237 spensionum
629 1159 668 1229 Α,
692 1157 727 1225 C,
744 1157 782 1230 D,
799 1157 837 1229 E,
863 1158 897 1225 B,
920 1156 1027 1238 sitque
1051 1156 1201 1221 omnium
1227 1156 1497 1240 magnitudinum
1517 1155 1565 1219 sic

394 1265 626 1346 dispositarum
651 1266 825 1347 gravitatis
847 1272 997 1333 centrum
1023 1268 1062 1330 X.
1093 1264 1340 1331 Ostendendum
1364 1271 1416 1330 est
1439 1269 1565 1347 partem

394 1373 498 1437 librae
521 1376 579 1439 ΒΧ
602 1391 717 1438 versus
752 1373 894 1438 minores
931 1376 1176 1457 magnitudines
1212 1375 1373 1456 reliquam
1410 1374 1473 1438 ΧΑ
1507 1374 1567 1437 du·

396 1488 484 1567 piam
508 1505 590 1551 esse.
986 1501 989 1511 ”

484 1598 660 1662 Dividetur
688 1599 770 1663 libra
794 1599 947 1664 bilariam
971 1600 1005 1663 in
1030 1604 1153 1680 puncto
1174 1600 1224 1674 D,
1251 1600 1339 1682 qnod
1362 1598 1416 1665 vel
1441 1600 1476 1663 in
1500 1598 1580 1661 ali·'

394 1728 459 1790 quo
484 1715 603 1789 puncto
626 1710 890 1789 suspensionum.
914 1708 965 1772 vel
990 1710 1024 1772 in
1049 1710 1190 1775 (tuarum
1214 1708 1469 1791 suspensionum
1496 1724 1566 1771 me-

396 1819 451 1882 dio
473 1817 568 1881 cadet
593 1817 792 1889 necessario;
815 1816 961 1897 reliquae
986 1835 1065 1881 vero
1088 1817 1340 1897 suspensionum
1362 1814 1565 1885 distantiae,

395 1946 479 2010 quae
501 1929 587 1991 inter
610 1932 637 1990 Α
661 1933 693 1990 et
716 1927 744 1990 D
768 1927 1034 2007 intercipiuntur,
1056 1944 1170 1990 omnes
1193 1924 1346 1990 bifariam
1370 1925 1565 1991 dividantur

398 2040 527 2122 punctis
560 2039 606 2112 Μ,
639 2039 673 2111 Ι;
711 2036 954 2119 magnitudines
981 2037 1099 2102 deinde
1122 2054 1236 2101 omnes
1258 2038 1293 2106 in
1318 2040 1428 2118 partes
1453 2035 1518 2116 ipsi
1542 2035 1567 2099 N

396 2149 549 2230 aequales
572 2148 787 2221 dividantur:
810 2145 996 2228 orontium
1022 2155 1129 2229 partes
1149 2146 1253 2227 ipsius
1281 2146 1306 2209 F
1330 2151 1379 2216 tot
1404 2161 1568 2214 numero,

396 2261 476 2336 quot
498 2259 589 2329 sunt,
611 2272 696 2335 qnae
719 2271 761 2317 ex
785 2254 866 2318 libra
895 2254 1037 2335 pendent
1060 2254 1328 2337 magnitudines;
1354 2260 1467 2336 partes
1494 2270 1569 2320 vero

396 2364 500 2446 ipsius
521 2363 550 2433 G
572 2369 669 2426 erunt
692 2381 757 2427 nna
783 2365 965 2445 pauciores,
989 2369 1021 2427 et
1044 2364 1092 2427 sic
1115 2364 1156 2427 de
1179 2365 1326 2445 reliquis.
1357 2364 1430 2430 Sint
1454 2364 1565 2445 itaque

397 2475 501 2554 ipsius
526 2474 550 2535 F
575 2479 683 2554 partes
707 2473 758 2547 N,
780 2472 830 2545 Ο,
854 2475 907 2544 Υ,
930 2474 973 2546 S,
998 2474 1038 2547 Τ,
1061 2474 1165 2554 ipsius
1188 2473 1217 2540 G
1240 2490 1321 2538 vero
1344 2472 1386 2549 N,
1409 2472 1450 2545 0,
1470 2473 1513 2547 Υ,
1537 2472 1567 2543 5,

397 2564 502 2666 ipsius
527 2584 554 2649 H
578 2602 708 2667 quoque
730 2584 770 2659 N,
793 2583 832 2657 Ο,
851 2586 891 2658 Υ,
915 2583 1020 2665 ipsius
1044 2584 1184 2665 denique
1200 2585 1231 2648 K
1248 2584 1314 2647 sint
1332 2583 1373 2656 N,
1390 2582 1436 2656 03
1452 2585 1566 2651 erum·

399 2712 462 2775 que
486 2694 729 2777 magnitudines
751 2711 877 2770 omnes,
899 2695 933 2758 in
957 2695 1078 2774 quibus
1101 2693 1131 2758 N
1154 2694 1217 2775 ipsi
1242 2694 1266 2757 F
1290 2697 1480 2775 aequatur;
1499 2708 1567 2755 ma-

383 2802 588 2884 gnitudines
623 2821 703 2865 vero
736 2820 872 2878 omnes,
907 2803 940 2866 in
974 2803 1094 2884 quibus
1129 2802 1158 2867 Ο
1192 2804 1254 2885 ipsi
1278 2802 1305 2867 G
1329 2804 1516 2883 aequatum
1538 2806 1567 2863 et

387 2912 647 2993 xmagnitudines
670 2912 703 2973 in
727 2911 848 2992 quibus
871 2912 899 2979 Y
924 2911 985 2991 ipsi
1011 2912 1064 2982 ii;
1086 2910 1162 2973 illae
1186 2915 1313 2984 autem,
1337 2910 1370 2972 in
1394 2910 1518 2990 quibus
1552 2908 1569 2972 S

400 3023 461 3102 ipsi
486 3023 526 3091 lt,
552 3028 585 3084 et
610 3020 805 3103 magnitudo
829 3024 854 3085 Τ
878 2998 939 3101 ipsi
964 3020 993 3084 N
1017 3021 1164 3101 aequalis
1188 3025 1247 3084 est.
1271 3020 1358 3097 Quia
1382 3019 1486 3101 igitur
1502 3036 1569 3087 mu·

402 3129 589 3212 gnitudines
613 3146 738 3202 omnes,
760 3129 794 3191 in
819 3129 940 3208 quibus
963 3128 993 3201 N
1017 3129 1102 3200 inter
1126 3146 1160 3192 se
1183 3134 1260 3192 sunt
1283 3127 1450 3209 aequales,
1470 3144 1571 3209 aeque

399 3239 627 3319 ponderabant
650 3239 684 3300 in
707 3238 802 3318 signo
824 3238 871 3309 D..
886 3239 975 3319 quod
997 3238 1115 3301 libram
1138 3239 1192 3302 ΑΒ
1210 3237 1363 3301 bifariam
1388 3237 1522 3313 dividit,
1542 3244 1571 3301 et

403 3347 539 3409 eandum
563 3349 605 3411 ob
629 3362 766 3410 cansam
790 3364 904 3410 omnes
927 3346 1184 3429 magnitudines,
1208 3347 1243 3409 in
1267 3347 1388 3426 quibus
1412 3345 1441 3413 Ο
1471 3362 1573 3429 aeque

403 3455 584 3536 ponderant
611 3456 644 3517 in
669 3456 705 3529 l,
725 3455 802 3519 illae
825 3461 949 3529 autem,
963 3457 997 3520 in
1014 3456 1134 3537 quibus
1157 3456 1187 3519 Y
1210 3456 1244 3519 in
1267 3456 1316 3528 C,
1338 3462 1371 3521 et
1393 3456 1429 3519 in
1452 3456 1572 3537 quibus

403 3565 424 3629 S
448 3564 480 3625 in
505 3564 562 3634 M,
585 3579 689 3643 aeque
712 3563 915 3643 ponderant;
940 3566 964 3627 T
988 3570 1101 3636 autem
1125 3565 1158 3627 in
1176 3554 1213 3632 ‘A
1236 3562 1460 3645 suspenditur.
1492 3562 1572 3628 Sunt

402 3673 506 3755 igitur
530 3672 562 3735 in
585 3672 668 3735 libra
693 3672 773 3746 AD,
796 3689 838 3735 ex
862 3672 1028 3737 distantiis
1051 3674 1246 3755 aequalibus
1269 3675 1319 3744 Ι),
1343 3674 1378 3747 Ι,
1402 3674 1451 3750 G,
1476 3674 1524 3749 Μ,
1547 3665 1583 3737 Α’

402 3803 580 3867 suspensae
604 3786 849 3869 magnitudines
868 3804 938 3849 sese
955 3788 1138 3868 aequaliter
1156 3790 1362 3863 excedentes,
1377 3791 1410 3850 et
1426 3804 1570 3869 quarum

404 3914 561 3967 excessus
597 3895 754 3959 minimae
778 3901 962 3976 aequatur:
999 3897 1145 3966 maxima
1168 3902 1279 3960 autem
1304 3902 1461 3977 quaeest
1484 3912 1576 3959 com-

404 4005 508 4085 posita
532 4021 574 4066 ex
589 4004 743 4068 omnibns
758 4002 800 4077 N,
819 4004 936 4085 pendet
958 4022 1001 4068 ex
1023 4005 1072 4079 D;
1097 4005 1247 4081 minima,
1266 4011 1416 4086 quaeest
1436 4007 1474 4081 T,
1497 4021 1575 4087 pen·

404 4112 459 4175 det
482 4129 523 4176 ex
541 4116 581 4184 A,
598 4116 630 4173 et
653 4112 799 4193 retiquae
822 4113 973 4186 ordinate
996 4114 1176 4203 dispositae
1198 4121 1285 4177 sunt.
1308 4115 1434 4195 Estque
1459 4131 1574 4178 rursus

405 4224 469 4286 alia
495 4223 579 4286 libra
604 4222 681 4295 AB,
709 4223 743 4286 in
766 4241 833 4303 qua
856 4222 1101 4305 magnitudines
1136 4224 1221 4287 aliae
1258 4224 1415 4305 predictis
1438 4240 1577 4288 numem

404 4335 436 4391 et
460 4330 688 4411 magnitudine
711 4329 865 4410 aequales
887 4332 1002 4396 eodem
1026 4331 1141 4394 ordine
1164 4331 1344 4413 dispositae
1358 4339 1447 4396 snut.
1464 4333 1575 4411 Quare

406 4439 507 4522 librae
530 4440 606 4512 ΑΒ,
634 4440 691 4502 ΑΙ)
713 4457 732 4501 a
757 4440 878 4504 centris
901 4442 1055 4504 omniurn.
1085 4440 1355 4523 magnitudinum
1387 4440 1573 4504 secundnm

405 4550 543 4614 eandem
568 4552 726 4615 rationem
751 4553 969 4617 dividentur·
989 4554 1047 4618 Est
1082 4558 1193 4616 autern
1217 4556 1378 4616 centrum
1395 4550 1573 4634 gravitatis

405 4661 570 4724 dictarum
596 4662 872 4741 magnitudinum,
897 4669 960 4724 tum
985 4663 1019 4724 ia
1044 4662 1123 4724 libro
1143 4661 1207 4723 nb
1229 4678 1325 4742 quom
1349 4662 1384 4723 in
1408 4660 1490 4723 libro
1517 4658 1572 4721 bd

403 4769 543 4832 similitu·
568 4768 789 4849 dispositorum
813 4771 900 4833 idem
925 4777 1095 4853 punctum,
1119 4789 1237 4853 nempe
1255 4772 1298 4844 Χ,
1312 4789 1382 4834 cnm
1398 4769 1575 4853 praedictus
