3925 5784
795 713 946 760 oronnam
971 715 1083 761 senza.
1459 703 1522 769 aot

368 831 502 896 dationis
528 831 698 921 tollantur,
723 832 808 911 quod
834 833 866 894 io
892 833 962 897 solo
992 834 1186 898 borizontali
1222 837 1319 918 plano
1350 840 1529 923 contingit:

366 957 433 1003 uam
459 940 495 1003 iu
518 940 624 1021 planis
643 939 825 1004 declivibus
846 942 938 1006 adest
952 944 1025 1024 jam
1042 960 1141 1007 causa
1158 945 1407 1012 accelerationis
1423 950 1531 1032 majo·

364 1050 412 1124 ris,
436 1050 472 1113 in
497 1048 681 1114 acclivibus
706 1065 785 1119 vero
809 1050 1051 1115 retardationis.
1075 1050 1214 1132 Exque
1238 1055 1360 1133 pariter
1384 1057 1532 1137 sequitur

362 1163 488 1222 motum
506 1158 540 1221 in
556 1155 752 1226 borizontali
768 1173 840 1220 esse
856 1174 985 1238 quoque
1000 1163 1185 1222 aeternum:
1201 1160 1229 1223 si
1246 1160 1333 1225 enim
1350 1167 1398 1226 est
1410 1180 1533 1244 aequa·

358 1268 447 1344 bilis,
470 1283 537 1332 non
560 1265 764 1341 debilitatur,
787 1272 845 1331 aut
867 1267 1060 1343 remittitur,
1083 1276 1115 1332 et
1139 1269 1243 1333 multo
1267 1271 1375 1334 minus
1396 1271 1532 1337 tollitur.

357 1376 525 1458 Amplius,
547 1374 710 1438 existente
733 1373 839 1455 gradu
861 1374 1041 1439 celeritatis
1066 1394 1123 1457 per
1138 1376 1324 1459 naturalem
1340 1377 1532 1443 descensum

351 1506 376 1551 a
394 1485 517 1551 mobili
534 1483 698 1566 acquisito
716 1486 831 1565 suapte
847 1490 965 1546 natura
982 1483 1160 1559 indelebili,
1180 1492 1278 1565 atque
1294 1488 1437 1562 aeterno,
1453 1505 1535 1551 con-

351 1594 575 1661 siderandum
597 1593 752 1668 occurrit,
775 1593 912 1674 quodsi
938 1600 1010 1673 post
1033 1592 1228 1658 descensum
1247 1611 1303 1675 per
1320 1595 1453 1676 planum
1477 1595 1535 1659 de·

346 1707 448 1772 clive
472 1706 533 1770 ilat
556 1703 693 1769 rellenio
723 1720 780 1784 per
803 1702 893 1765 aliud
917 1703 1053 1784 planum
1077 1704 1215 1774 acclive,
1236 1704 1305 1786 Jam
1332 1706 1366 1767 in
1390 1705 1454 1768 isto
1478 1723 1536 1768 oc·

351 1816 472 1881 currit
502 1831 605 1879 causa
639 1811 888 1876 retardationis:
913 1812 946 1876 in
971 1814 1029 1876 tali
1053 1814 1140 1877 enim
1166 1813 1264 1895 plano
1298 1815 1385 1878 idem
1419 1815 1539 1880 mobile

345 1922 562 1987 naturaliter
584 1919 771 1993 deseendit3
793 1937 894 2001 quare
915 1921 1034 1985 mixtio
1051 1923 1211 2002 quaedam
1229 1924 1473 1987 contrariarum
1489 1922 1538 1988 ai-

348 2032 545 2097 feetionnm
568 2030 723 2113 exurgit,
746 2046 864 2110 nempe
888 2030 1011 2111 gradus
1033 2031 1122 2094 illius
1145 2030 1325 2094 celeritatis
1358 2033 1539 2113 acquisitae

351 2143 394 2205 in
421 2141 634 2224 praecedenti
659 2142 829 2215 descensu,
852 2141 906 2221 qui
932 2159 989 2221 per
1012 2158 1046 2205 se
1067 2140 1273 2205 uniformiter
1293 2141 1414 2204 mobile
1434 2143 1468 2205 io
1487 2144 1540 2205 in·

352 2250 497 2316 finitum
510 2251 698 2323 adduceret,
712 2256 746 2312 et
762 2250 923 2314 naturalis
941 2250 1166 2331 propensionis
1183 2251 1224 2313 ad
1240 2256 1365 2313 motum
1383 2252 1537 2314 deorsum

345 2361 459 2441 ,iuxta
483 2360 576 2424 illam
598 2359 736 2424 eandem
761 2360 1005 2441 proportionem
1029 2360 1295 2433 accelerationis,
1321 2360 1419 2442 juxta
1441 2376 1539 2440 quarn

364 2487 499 2552 semper.
523 2473 684 2534 moretur.
709 2469 819 2547 Quare
841 2468 1021 2532 admodum
1058 2468 1253 2532 rationabile
1287 2469 1475 2538 videbitur,
1511 2468 1540 2530 si

361 2579 593 2660 inquirentes,
615 2594 778 2658 quaenam
802 2576 996 2657 contingant
1019 2577 1203 2641 accidentia
1228 2578 1307 2642 dum
1328 2577 1448 2640 mobile
1467 2585 1539 2657 post

366 2688 562 2752 descensum
586 2702 643 2768 per
665 2686 797 2767 aliquod
822 2685 955 2778 plapnm
974 2684 1168 2749 inclinatum
1191 2683 1379 2748 reflectatur
1397 2703 1454 2766 per
1471 2686 1541 2767 pla-

370 2816 449 2864 num
476 2798 610 2880 aliquod
634 2798 773 2869 acclive,
797 2795 1001 2877 accipiamus
1025 2796 1163 2877 gradum
1187 2794 1280 2859 illum
1306 2795 1489 2859 maximum
1508 2795 1541 2859 iu

369 2909 529 2981 descensu
548 2906 757 2988 acquisitum,
780 2904 867 2968 idem
885 2921 941 2985 per
958 2921 992 2966 se
1008 2908 1165 2985 perpetuo
1180 2903 1215 2966 iu
1231 2902 1427 2965 ascendente
1444 2902 1541 2983 plano
1628 2881 1630 2883 ’

369 3016 516 3089 serrari:
542 3021 689 3079 attamen
714 3015 748 3077 iu
772 3030 911 3076 ascensu
934 3012 962 3073 ei
990 3012 1202 3092 supervenire
1230 3011 1415 3073 naturalem
1439 3010 1540 3073 incli-

372 3127 539 3198 nationem
563 3125 728 3198 deorsum,
744 3128 870 3199 motum
888 3138 1005 3201 nempe
1023 3137 1065 3182 ex
1081 3120 1189 3199 quiete
1208 3120 1427 3185 acceleratum
1443 3118 1541 3200 juxta

374 3254 504 3319 semper
528 3239 699 3316 acceptam
722 3233 975 3315 proportionem.
1000 3229 1093 3306 Quod
1113 3229 1139 3291 si
1157 3228 1241 3292 forte
1256 3228 1338 3291 haee
1360 3228 1541 3310 intelligere

372 3347 470 3413 luerit
492 3341 888 3419 subobscurum‚.clarius
912 3356 969 3421 per
993 3338 1136 3418 aliquam
1162 3337 1416 3401 delineationem
1432 3335 1541 3416 expli-

373 3461 515 3525 cabitur.
611 3472 614 3477 ·
666 3524 669 3529 ,
1246 3467 1258 3520 J

410 3613 412 3619 .
458 3564 667 3647 Intelligatnr
684 3563 806 3642 itaque,
822 3558 944 3623 iactum
962 3575 1032 3622 esse
1047 3557 1240 3622 descensum
1261 3574 1317 3638 per
1334 3555 1467 3636 planum
1484 3556 1543 3620 de-

373 3678 457 3743 clive
469 3675 527 3740 AB
537 3670 743 3759 (Fiq.82)‚ex
754 3688 820 3752 quo
833 3687 890 3751 per
901 3669 991 3733 aliud
1003 3668 1130 3732 acclive
1142 3667 1193 3734 BC
1209 3667 1541 3731 continueturmotns

374 3784 528 3859 rellexus,
542 3788 576 3848 et
600 3781 667 3848 sint
689 3782 796 3862 primo
819 3778 914 3861 plana
939 3778 1102 3860 aequalia,
1124 3784 1157 3842 et
1180 3777 1222 3840 ad
1238 3775 1390 3857 aequales
1406 3774 1544 3856 angulos

373 3912 469 3977 super
502 3890 708 3957 horizontem
729 3889 788 3956 GH
811 3890 951 3953 elevata.
975 3889 1111 3956 Constat
1130 3888 1224 3970 jam,
1243 3885 1329 3968 quod
1358 3883 1476 3947 mobile
1500 3901 1541 3946 ex
1614 3948 1618 3957 ,

375 4006 483 4087 quiete
510 4004 544 4067 iu
568 4005 597 4065 A
619 4001 819 4065 descendens
855 4016 912 4080 per
946 3998 1002 4062 ΑΒ
1030 3999 1150 4080 gradus
1185 3994 1325 4076 acquirit
1359 3992 1543 4062 velocitatis

372 4114 467 4195 juxta
505 4110 662 4191 temporis
684 4109 787 4190 ipsius
810 4109 1072 4171 incrementum:
1099 4105 1237 4188 gradum
1270 4118 1346 4165 vero
1368 4102 1402 4163 iu
1425 4101 1450 4166 B
1474 4116 1545 4163 esse

376 4222 559 4287 maximum
584 4217 844 4300 acquisitorum,
861 4222 898 4282 ,et
921 4220 1037 4297 suapte
1061 4218 1179 4278 natura
1206 4209 1457 4276 immutabiliter
1479 4209 1543 4273 im·

374 4347 534 4411 pressum,
552 4328 691 4394 sublatis
713 4326 838 4392 scilicet
860 4326 970 4391 causis
994 4322 1242 4388 acceleratioois
1271 4336 1388 4394 novae,
1411 4324 1469 4384 aut
1493 4336 1545 4383 re-

377 4436 589 4504 tardationis:
616 4435 884 4507 acceleratiouis,
911 4435 1063 4515 inquam,
1092 4432 1120 4496 si
1147 4430 1253 4494 adbuc
1282 4446 1378 4509 super
1410 4435 1546 4492 extenso

374 4550 473 4626 plano
499 4545 637 4612 ulterius
660 4544 929 4627 progrederetur;
952 4540 1185 4607 retardationis
1214 4556 1316 4613 vero,
1341 4539 1420 4604 dum
1450 4556 1546 4619 super

373 4658 510 4735 planum
527 4654 654 4720 acelive
669 4651 722 4718 BC
739 4652 782 4717 sit
800 4651 948 4715 retlexio:
965 4653 999 4714 iu
1018 4649 1209 4714 borizontali
1228 4652 1338 4711 autem
1354 4647 1412 4713 GH
1425 4663 1546 4728 aequa·

370 4764 449 4831 bilis
472 4768 582 4830 motus
601 4763 700 4845 juxta
725 4762 863 4845 gradum
888 4761 1076 4827 velocitatis
1094 4778 1136 4822 ex
1160 4763 1187 4822 Α
1212 4760 1246 4823 in
1266 4758 1290 4821 B
1307 4757 1487 4838 acquisitae
1511 4755 1544 4817 in

499 4866 626 4924 Grmruo
645 4866 774 4953 Garrnm.
795 4896 828 4907 -
848 4864 880 4919 Τ.
899 4864 982 4919 Xlll.
1428 4861 1462 4911 26
