3925 5784
401 718 467 784 168
705 734 853 782 nisibeni
876 734 979 781 nuncu
997 731 1106 779 nuovn
1131 731 1256 778 semum:
1340 774 1343 780 .

721 894 898 958 Tanoanus
921 892 964 963 ll,
987 892 1174 957 Paoeosimn
1197 892 1235 953 ll.
1269 966 1277 987 l

483 1059 523 1125 Si
544 1062 670 1145 aliquod
691 1061 802 1126 mobile
824 1070 911 1125 motu
927 1060 1130 1140 uniformiter
1148 1058 1318 1123 accelerato
1341 1056 1508 1121 descendat
1523 1075 1564 1120 ec

395 1173 518 1253 quiete,
552 1172 655 1253 spatio
678 1173 919 1253 quibuscunque
944 1170 1130 1251 temporibus
1158 1168 1198 1232 ob
1222 1168 1289 1250 ipso
1312 1184 1355 1231 ex
1378 1166 1490 1248 quiete
1511 1180 1566 1246 pe-

395 1290 485 1345 ruotu
506 1291 582 1345 sunt
604 1282 686 1345 iuter
708 1300 740 1344 se
762 1283 797 1344 iu
819 1280 977 1362 duplicato
1010 1280 1132 1343 rationo
1166 1276 1334 1342 eorundem
1365 1285 1564 1357 temporum:

397 1408 502 1471 ssempe
524 1398 560 1453 ut
583 1389 751 1454 eorundem
776 1397 948 1471 temporum
970 1387 1140 1471 quadrato.
1220 1413 1224 1420 ·

486 1500 694 1582 intelligatur
716 1498 828 1563 lluxus
853 1499 1010 1579 temporis
1038 1515 1079 1561 ex
1108 1497 1220 1579 aliquo
1243 1497 1350 1579 primo
1372 1496 1511 1560 instanti
1536 1497 1564 1558 Δ

398 1608 482 1694 (Fiq.
507 1608 562 1694 lt)
584 1610 824 1691 repraesentari
849 1625 906 1689 per
929 1608 1155 1672 extensionem
1175 1607 1240 1676 AB,
1256 1607 1290 1670 in
1307 1622 1371 1688 qua
1388 1610 1566 1669 sumantur

397 1720 464 1784 dno
485 1720 651 1801 quaelibet
674 1723 821 1800 tempora
846 1716 914 1791 ΑΙ),
939 1717 1018 1789 elli:
1042 1718 1151 1797 sitque
1173 1717 1218 1781 iil
1240 1716 1339 1791 linea,
1358 1716 1390 1779 in
1411 1732 1477 1797 qua
1494 1731 1565 1777 mo·

395 1826 525 1891 bilsen
549 1827 732 1908 punctuli,
757 1825 914 1906 tanquam
941 1826 1047 1906 primo
1071 1828 1180 1888 motus
1195 1824 1367 1905 principio,
1386 1821 1564 1887 descendet

397 1935 606 2000 uniformiter
623 1928 868 2006 acceleratum:
891 1935 999 2016 sitque
1023 1934 1170 2016 spatium
1188 1935 1244 1999 HL
1262 1939 1433 2015 peractum
1460 1933 1565 2014 primo

396 2048 542 2124 tempere
565 2041 644 2116 Ab,
671 2040 737 2106 llll
762 2058 840 2107 vero
863 2042 906 2104 sit
928 2041 1073 2122 spatium
1099 2058 1156 2123 per
1178 2041 1264 2123 quod
1289 2016 1495 2105 descenderit
1528 2041 1561 2104 in

396 2158 542 2232 tempore
565 2152 633 2216 ΑΕ.
655 2151 752 2226 Dico,
771 2151 914 2231 spatium
939 2150 1006 2215 Mil
1032 2149 1075 2214 ad
1099 2149 1243 2231 spatium
1268 2151 1419 2215 illesos
1442 2149 1476 2213 in
1500 2150 1562 2215 du·

397 2261 520 2343 plicata
544 2262 671 2326 ratione
693 2259 776 2342 ejus,
799 2277 899 2341 quam
924 2258 1022 2325 babet
1045 2265 1174 2342 tempus
1196 2260 1253 2324 ΕΑ
1277 2260 1319 2322 ad
1344 2265 1474 2342 tempus
1497 2258 1562 2323 Al).

397 2369 462 2435 Seu
487 2370 650 2443 dicamus,
673 2369 778 2452 spatia
802 2367 879 2443 Mil,
902 2368 1110 2436 decennem
1139 2370 1261 2433 babere
1285 2370 1446 2433 rationem
1462 2385 1562 2450 quam

398 2478 521 2542 habent
543 2477 707 2560 quadrata
732 2478 810 2553 EA,
845 2477 927 2558 ab„
947 2480 1093 2543 Ponatur
1116 2478 1203 2543 linea
1226 2478 1304 2552 AC,
1334 2493 1565 2561 quemcunque

398 2588 558 2669 angulum
582 2605 661 2652 cum
685 2588 754 2670 ipsa
778 2590 834 2653 ΑΒ
852 2588 1047 2663 continens;
1069 2606 1109 2652 ex
1134 2589 1264 2669 punctis
1288 2589 1430 2661 veroli,
1454 2587 1564 2652 Edu·

397 2702 471 2760 ctae
489 2696 556 2760 sint
579 2694 755 2776 parallelae
777 2694 854 2770 DO,
879 2696 955 2771 ΕΡ,
985 2714 1126 2776 quarum
1150 2695 1208 2762 ΒΟ
1231 2697 1258 2761 si
1281 2696 1490 2779 concipiatur
1514 2715 1564 2760 re-

397 2812 606 2885 praesentare
619 2805 801 2869 maximum
819 2804 959 2889 gradum
977 2806 1163 2871 velocitatis
1180 2807 1363 2889 acquisitae
1378 2808 1412 2871 in
1428 2808 1563 2872 instanti

398 2913 427 2977 D
451 2914 608 2995 temporis
631 2899 713 2987 nbi
745 2916 797 2980 PE
823 2916 1079 2996 repraesentabit
1102 2933 1144 2980 ex
1166 2916 1564 2981 definitionemaximum

398 3022 539 3104 gradum
564 3021 751 3088 velocitatis
773 3023 955 3105 acquisitae
974 3025 1008 3089 in
1024 3025 1159 3090 instanti
1176 3027 1202 3090 E
1221 3028 1377 3109 temporis
1392 3028 1462 3093 ΑΕ.
1474 3028 1564 3106 Quia

397 3147 476 3195 vero
500 3149 599 3213 supra
624 3133 884 3197 demonstratum
903 3138 962 3208 est,
977 3133 1067 3215 qnod
1089 3135 1207 3199 attinet
1226 3136 1268 3200 ad
1287 3136 1394 3217 spatia
1419 3144 1565 3219 peracta,

396 3242 547 3323 aequalia
570 3261 643 3309 esse
667 3245 753 3309 inter
775 3261 810 3307 se
833 3243 901 3319 illa,
924 3262 1066 3326 quorum
1092 3247 1232 3311 alterum
1256 3246 1434 3312 conficitur
1456 3265 1564 3314 amo·

395 3347 454 3412 bili
477 3367 520 3413 ex
543 3352 655 3431 quiete
691 3357 782 3415 motu
818 3350 1028 3416 uniformiter
1062 3354 1269 3429 accelerato;
1297 3355 1441 3421 alterum
1465 3373 1564 3432 vero,

395 3458 484 3538 quod
520 3464 666 3540 tempore
688 3460 805 3526 eodem
828 3462 1006 3526 coniicitur
1028 3481 1048 3527 a
1071 3463 1184 3529 mobili
1211 3466 1292 3529 moti
1316 3465 1482 3546 aequabili
1507 3466 1564 3530 dc·

396 3564 492 3642 lato‚·
508 3567 606 3649 cujus
631 3567 790 3632 velocitas
815 3570 978 3652 subdupla
1001 3572 1044 3636 sit
1068 3573 1234 3637 maximae
1257 3574 1291 3637 in
1316 3578 1408 3638 motu
1434 3574 1562 3639 accele-

396 3677 470 3738 rato
492 3674 695 3755 acquisitam
719 3682 869 3752 constat,
892 3678 1000 3759 spatia
1024 3680 1111 3750 Mil,
1135 3679 1190 3744 Lll
1215 3697 1285 3744 esse
1308 3680 1447 3754 eadem,
1480 3697 1564 3762 quae

395 3785 541 3850 motibus
563 3786 779 3867 aequalibus,
815 3806 956 3869 quorum
994 3790 1186 3854 velocitates
1215 3796 1323 3855 essent
1346 3796 1383 3855 ut
1407 3792 1565 3856 dimidiae

394 3893 459 3967 PE,
476 3892 546 3969 01),
559 3892 802 3960 conficerentur
826 3896 860 3959 in
885 3898 1089 3978 temporibus
1108 3899 1261 3969 ΕΑ,1)Α.
1281 3899 1315 3966 Si
1335 3900 1565 3984 igiturosten·

394 4014 468 4062 sum
491 3998 612 4071 inerit,
636 3998 718 4064 baec
741 4002 848 4082 spatia
871 4003 963 4079 ΜΗ,
985 4005 1042 4070 Lll
1069 4022 1139 4070 csse
1172 4008 1206 4072 in
1238 4009 1407 4091 duplicata
1437 4011 1565 4076 ratione

395 4112 581 4189 temporum
600 4108 674 4182 ΕΑ,
689 4109 764 4181 ΒΑ,
787 4110 952 4175 intentum
972 4115 1146 4193 probatum
1162 4116 1236 4180 erit.
1255 4119 1379 4183 Verum
1395 4120 1429 4183 iu
1446 4126 1566 4201 quarta

393 4219 615 4298 propositione
635 4220 732 4300 primi
752 4220 827 4285 libri
850 4224 1113 4289 demonstratum
1129 4233 1189 4300 est,
1207 4228 1380 4294 mobilium
1396 4229 1562 4312 aequabili

395 4333 487 4390 motu
510 4327 656 4393 latorum
680 4331 788 4411 spatia
814 4340 947 4413 peracta
968 4333 1092 4398 babere
1115 4336 1203 4401 inter
1225 4355 1260 4401 se
1284 4338 1447 4428 ratium
1471 4356 1566 4403 com·

395 4433 535 4512 positam
559 4453 600 4498 ex
626 4439 753 4502 ratione
777 4439 994 4506 velocitatum
1018 4450 1051 4506 et
1074 4461 1116 4507 ex
1135 4447 1264 4509 ratione
1290 4437 1491 4528 tempnl'um:
1512 4446 1564 4510 liic

395 4551 506 4609 antem
541 4549 627 4611 ratio
647 4533 881 4615 ·velocllatum
904 4559 955 4616 est
976 4554 1091 4618 eadem
1117 4572 1194 4619 cum
1220 4556 1346 4620 ratione
1376 4562 1562 4637 temporum

396 4651 521 4739 (quam
543 4658 630 4721 enim
656 4661 818 4725 rationem
846 4660 943 4726 babet
979 4665 1115 4730 dimidia
1145 4667 1198 4731 PE
1221 4668 1262 4731 ad
1287 4667 1458 4732 dimidiam
1484 4666 1561 4741 01],

393 4779 452 4826 seu
477 4768 544 4827 tota
569 4766 620 4829 PE
644 4768 684 4831 ad
710 4775 811 4833 totam
836 4770 904 4847 bn,
928 4774 1012 4837 bane
1038 4777 1134 4840 babet
1160 4778 1215 4841 ΑΕ
1241 4780 1280 4841 ad
1300 4775 1393 4864 ΑΒ),
1412 4785 1494 4861 orlgn
1510 4795 1562 4843 ra·
