3925 5784
848 736 1003 783 creauere
1027 737 1136 786 cunze.
1511 716 1577 785 203

412 859 587 941 expelletur
622 859 745 939 pariter
781 858 902 921 mobile
925 874 982 939 per
1005 857 1082 929 BD,
1107 862 1180 937 post
1201 857 1398 922 descensum
1423 874 1478 938 per
1500 860 1577 931 ΑΒ,

411 973 503 1047 etque
522 983 581 1047 per
603 965 667 1030 ΕΒ.
692 964 829 1027 Accidet
854 981 953 1037 vero,
977 964 1065 1044 quod
1098 970 1227 1046 tempus
1263 980 1419 1028 ascensus
1443 981 1499 1046 ρετ
1522 966 1577 1031 BD

410 1074 538 1156 longius
572 1074 635 1137 erit
658 1090 768 1163 quam
792 1089 849 1153 per
875 1071 949 1144 BC,
973 1078 1070 1153 prout
1092 1073 1267 1137 descensus
1290 1089 1419 1153 quoque
1442 1089 1499 1153 per
1522 1073 1576 1137 ΕΒ

410 1180 548 1263 longiori
583 1181 626 1245 sit
654 1190 800 1261 tempore
822 1196 921 1260 quam
958 1197 1014 1261 per
1047 1181 1117 1245 AB:
1147 1178 1369 1244 rationalem
1398 1180 1576 1244 eorundem

410 1296 590 1372 temporum
610 1291 682 1373 jam
700 1289 925 1353 demonstrem
949 1295 999 1354 est
1022 1289 1148 1364 eadem,
1172 1307 1211 1352 ac
1230 1288 1473 1372 longitudinum
1488 1289 1577 1370 ipsc·

409 1416 478 1463 rum
513 1399 699 1480 planorum.
723 1396 876 1478 Sequitur
900 1396 998 1460 modo
1032 1401 1069 1460 ui
1103 1396 1310 1477 inquiramus
1334 1395 1576 1477 proportionem

407 1506 590 1588 spatiorum
613 1506 814 1587 temporibus
837 1503 1030 1586 aequalibus
1055 1511 1262 1585 peractorum
1285 1506 1320 1568 iu
1345 1505 1473 1586 planis,
1496 1522 1578 1586 quo-

405 1633 479 1681 rum
502 1616 656 1681 diversae
679 1615 744 1678 sint
768 1614 1022 1690 inclinationes,
1043 1613 1179 1678 eaedem
1216 1623 1327 1679 tamen
1364 1614 1576 1679 elevationes:
1687 1641 1690 1650 =

403 1722 465 1788 boc
489 1730 552 1801 est,
575 1740 659 1805 quae
675 1722 761 1787 inter
779 1723 910 1787 easdem
931 1722 1106 1804 parallelas
1122 1723 1344 1787 borizoniales
1362 1722 1579 1804 comproben-

400 1835 535 1898 dautur.
560 1832 595 1897 ld
619 1837 730 1897 autem
753 1831 917 1915 contingit
935 1832 1034 1913 juxta
1057 1837 1248 1913 sequentem
1272 1833 1445 1897 rationem.

680 2001 859 2070 Tuconsue
883 1962 1170 2072 xv‚1>nor0s1ue
1194 1999 1309 2064 lllth.

499 2159 583 2225 Doto
604 2162 688 2226 inter
711 2162 833 2226 eusdem
855 2161 1021 2243 minitetur
1045 2159 1253 2226 berizomaies
1273 2161 1518 2243 perpendiculo,
1552 2172 1580 2225 et

390 2271 498 2352 piune
522 2271 639 2334 elevato
660 2271 701 2335 ab
724 2269 793 2351 ejas
817 2271 880 2335 imo
902 2272 1049 2345 termino,
1071 2271 1218 2351 apetiam,
1245 2270 1329 2352 qaod
1346 2289 1366 2333 o
1383 2270 1498 2343 mobili,
1508 2280 1579 2352 post

395 2395 516 2442 mum
537 2378 572 2440 in
592 2377 821 2459 perpendiculo,
843 2395 937 2458 super
957 2378 1051 2458 plano
1073 2377 1191 2442 elevato
1214 2378 1379 2458 coemitur
1393 2380 1428 2442 iu
1446 2386 1577 2459 tempore

397 2485 531 2568 aequati
554 2488 684 2568 tempori
706 2504 809 2562 cocus,
831 2486 938 2568 majus
958 2498 1003 2551 est
1018 2489 1086 2568 ipso
1106 2487 1457 2568 perpendiculumque
1476 2498 1578 2551 tumen

401 2614 504 2679 quum
525 2595 655 2678 duplam
678 2596 815 2677 ciusdem
835 2596 1062 2679 perpendiculi.

495 2706 583 2770 Inter
605 2706 737 2769 easdem
757 2705 933 2785 parallelas
947 2705 1169 2770 horizontales
1187 2706 1250 2778 BG,
1265 2704 1321 2771 ΗΕ
1335 2702 1422 2789 (Fiq.
1440 2702 1578 2788 siletur

404 2814 678 2897 perpendiculum
701 2815 758 2878 ΑΕ
784 2822 816 2878 et
840 2815 975 2895 planum
999 2814 1166 2879 elevatum
1191 2816 1257 2887 ΕΒ,
1282 2832 1380 2895 τιτρετ
1402 2832 1479 2896 quo,
1509 2819 1580 2895 posi

404 2940 524 2988 casum
548 2924 582 2986 in
608 2922 842 3005 perpendiculo
866 2922 933 2993 ΑΕ,
955 2925 1156 2987 extermina
1175 2924 1201 2987 E
1223 2922 1281 2986 fiai
1300 2921 1437 2986 reflexio
1462 2939 1578 2985 versus

407 3035 432 3098 Β
462 3033 565 3108 Dico,
580 3032 738 3113 spatium,
754 3049 812 3113 ρετ
833 3031 922 3113 quod
936 3032 1058 3096 mobile
1074 3032 1221 3096 ascendit
1237 3033 1271 3095 in
1289 3037 1435 3113 tempore
1450 3031 1580 3111 aequali

410 3142 552 3225 tempori
576 3142 854 3210 «tenemusne,
891 3140 1000 3223 majus
1035 3156 1105 3205 esse
1138 3157 1238 3223 quam
1264 3141 1343 3213 ΑΕ,
1367 3140 1478 3204 minus
1503 3157 1580 3202 vero

409 3270 511 3334 quam
534 3252 672 3333 duplum
695 3252 844 3336 ejusdem
867 3251 935 3315 ΑΕ.
959 3252 1105 3316 Ponatur
1128 3250 1193 3322 ΕΒ,
1220 3250 1282 3331 ipsi
1308 3249 1364 3314 ΑΕ
1385 3248 1579 3331 aequalest

408 3365 444 3425 ul
466 3360 523 3425 ΕΒ
546 3360 588 3424 ad
611 3360 676 3436 BD,
700 3361 746 3425 ita
771 3359 829 3423 liat
852 3360 907 3424 DB
930 3360 973 3423 ad
988 3359 1051 3425 ΒΕ.
1070 3357 1270 3424 Ostendetur
1287 3359 1405 3439 primo,
1419 3361 1578 3439 punctum
1651 3394 1653 3399 -

407 3469 706 3552 Fessesignum,
741 3486 807 3549 quo
843 3468 963 3532 mobile
988 3472 1079 3531 motu
1104 3466 1227 3530 rellexo
1252 3485 1308 3548 per
1332 3467 1581 3548 superveniet

407 3582 554 3660 tempore
576 3576 705 3657 aequali
732 3577 869 3658 tempori
883 3575 975 3649 ·ΑΕ;
1010 3574 1151 3652 deinde,
1174 3576 1229 3651 EF
1254 3574 1362 3657 majus
1386 3591 1579 3655 essequam

407 3688 486 3763 EA,
522 3688 633 3751 miuus
668 3704 746 3751 vero
780 3703 880 3767 quam
905 3685 1044 3768 duplum
1067 3684 1225 3767 ejusdem.
1262 3685 1296 3751 si
1334 3683 1579 3766 intelligamus,

407 3804 538 3880 tempus
561 3777 738 3861 descensus
762 3812 818 3876 per
841 3797 897 3860 ΑΕ
922 3812 993 3859 esse
1017 3799 1054 3859 ut
1076 3794 1143 3867 ΑΕ,
1170 3795 1233 3860 erit
1255 3802 1385 3875 tempus
1405 3794 1580 3855 descensus

409 3924 464 3989 per
486 3906 554 3977 ΒΕ,
578 3922 637 3969 scu
660 3921 818 3968 ascensus
842 3920 899 3984 per
916 3904 981 3974 ΕΒ,
1006 3909 1042 3966 ut
1059 3905 1131 3984 ipse
1148 3903 1239 3966 linea
1261 3903 1336 3974 ΒΕ;
1363 3915 1506 3980 cumque
1525 3900 1579 3965 DB

408 4014 518 4079 media
540 4013 583 4077 sii
605 4014 690 4077 iuter
713 4013 778 4087 ΕΒ,
802 4013 865 4088 ΒΕ,
888 4011 996 4094 sitque
1021 4012 1074 4077 ΒΕ
1101 4019 1231 4093 tempus
1257 4010 1434 4073 descensus
1452 4021 1509 4089 ρετ
1528 4013 1579 4071 to-

409 4129 477 4188 tam
501 4123 579 4198 ΒΕ,
602 4122 666 4186 erit
689 4121 743 4185 BD
769 4126 897 4202 tempus
920 4121 1097 4186 descensus
1123 4136 1179 4201 per
1204 4119 1278 4193 BF,
1308 4123 1339 4181 ei
1373 4115 1500 4198 reliqua
1523 4117 1578 4181 ΒΕ

410 4241 540 4315 tempus
560 4232 737 4296 descensus
761 4248 817 4312 per
841 4232 1004 4312 reliquam
1028 4230 1099 4318 ΒΕ.Ι
1117 4232 1244 4296 Verum
1269 4229 1355 4293 idem
1378 4231 1427 4290 est
1452 4233 1580 4306 tempus

411 4362 465 4425 per
489 4343 542 4407 ΒΕ
565 4359 608 4405 ex
631 4341 742 4422 quiete
765 4342 798 4403 iu
823 4342 859 4412 Β,
884 4345 981 4421 atque
1003 4344 1133 4420 tempus
1157 4354 1314 4403 aseensus
1338 4353 1395 4417 per
1412 4335 1477 4408 EF,
1499 4333 1579 4398 dum

412 4455 442 4518 iu
463 4454 491 4518 E
515 4452 616 4517 fuerit
638 4450 822 4515 velocilatis
846 4450 967 4532 gradus
992 4466 1048 4530 per
1071 4448 1264 4513 descensum
1281 4444 1346 4518 ΒΕ,
1364 4461 1422 4508 seu
1440 4442 1508 4517 ΑΕ,
1524 4459 1581 4507 ac·

413 4564 573 4643 quirites:
606 4573 685 4641 ergo
706 4558 793 4622 idem
818 4561 946 4639 tempus
969 4555 1025 4620 ΒΕ
1049 4556 1112 4619 erit
1133 4554 1176 4626 id,
1197 4555 1231 4616 in
1254 4569 1321 4635 quo
1344 4552 1476 4625 mobile.
1507 4556 1578 4632 post

415 4688 524 4736 casum
549 4687 591 4733 ex
614 4672 643 4732 Α
665 4685 724 4750 ρετ
748 4665 828 4741 ΑΕ,
851 4670 943 4730 moiu
967 4664 1090 4729 rellexo
1114 4681 1170 4745 per
1193 4663 1271 4735 ΕΒ,
1295 4661 1445 4743 pervenit
1468 4659 1510 4724 ad
1534 4660 1579 4722 si-

418 4796 513 4859 guum
539 4778 571 4842 F.
598 4777 747 4851 Positum
771 4781 883 4839 autem
907 4779 967 4844 est.
993 4771 1141 4838 tetresse
1165 4771 1302 4855 aequale
1324 4772 1385 4853 ipsi
1406 4763 1471 4843 ab,
1492 4766 1580 4848 quod
