3925 5784
675 708 848 755 arrauurcu
871 710 950 755 auur
977 708 1129 754 ‹tuouuara
1154 708 1286 764 conara.
1500 689 1560 754 271

863 904 977 951 attalia
1006 904 1093 952 iuuit.

481 1060 565 1123 Axis
599 1058 769 1133 concidis,
792 1060 849 1141 qui
873 1060 916 1123 sit
939 1059 994 1126 (ll)
1018 1055 1114 1144 (aq.
1142 1054 1238 1143 129),
1261 1056 1431 1122 dividatur
1456 1058 1489 1121 in
1515 1057 1569 1132 0,

395 1170 435 1232 ita
460 1176 499 1232 ut
523 1167 579 1236 CO
597 1169 701 1250 ipsius
716 1168 774 1234 OD
793 1171 835 1233 sit
854 1169 964 1250 dupla.
979 1169 1226 1235 ostendendum
1242 1174 1300 1239 est,
1317 1176 1470 1236 centrum
1491 1189 1570 1255 gra-

396 1278 509 1342 vitatis
526 1279 705 1361 inscriptae
720 1278 849 1362 figurae
861 1296 936 1344 csse
952 1280 987 1343 in
1002 1279 1090 1343 linea
1107 1279 1183 1352 Οὓς
1200 1279 1473 1361 circumscriptae
1491 1297 1570 1345 vero

394 1393 546 1451 centrum
571 1405 642 1453 esse
664 1390 700 1453 in
724 1388 789 1456 CO.
821 1389 979 1455 secentur
1002 1388 1129 1472 figurae
1155 1389 1252 1470 plano
1276 1407 1332 1470 per
1355 1407 1451 1453 axem
1478 1395 1511 1454 et
1534 1389 1570 1459 C.

394 1503 428 1559 ut
464 1495 593 1560 dictum
617 1504 676 1562 cst.
701 1497 787 1576 Quia
811 1498 914 1580 igitur
937 1495 1080 1579 cylindri
1106 1496 1180 1574 SN,
1204 1497 1289 1572 ΤΜ,
1315 1497 1380 1571 ΡΙ,
1403 1497 1461 1562 ΙΙΕ
1494 1505 1573 1562 sunt

393 1601 479 1663 inter
502 1618 538 1665 se
562 1608 599 1666 ut
621 1602 785 1685 quadrata
808 1604 972 1667 linearum
997 1602 1056 1675 SD,
1082 1601 1149 1677 TN,
1168 1601 1243 1677 VM,
1263 1604 1322 1674 lll;
1347 1605 1427 1667 haec
1461 1608 1573 1668 autem

393 1717 470 1772 sunt
494 1710 582 1774 inter
605 1718 640 1775 ae
664 1716 701 1775 ut
725 1711 831 1775 lineae
853 1710 933 1784 NG,
955 1711 1040 1785 CM,
1064 1711 1115 1784 Cl,
1138 1711 1207 1785 um
1241 1712 1304 1775 hae
1339 1717 1452 1774 autem
1494 1717 1571 1775 sunt

394 1835 464 1882 sese
488 1821 672 1901 aequaliter
694 1822 905 1891 excedentes,
940 1828 973 1885 et
1007 1839 1163 1886 excessus
1186 1826 1372 1904 aequantur
1401 1825 1571 1901 minimae,

395 1944 513 2009 nempe
535 1927 613 2005 CE3
634 1937 749 2014 estque
772 1932 942 2015 cylindrus
966 1932 1028 1997 ΤΜ
1052 1932 1202 2013 cylindro
1226 1933 1285 2011 QN
1316 1934 1489 2014 aequalis3
1513 1953 1573 2016 cy·

395 2036 525 2101 lindrus
547 2045 659 2104 autem
679 2042 723 2106 Vl
746 2042 807 2123 ipsi
831 2038 896 2114 PN,
920 2047 953 2104 et
976 2040 1034 2103 xla
1052 2040 1114 2121 ipsi
1130 2040 1187 2106 LN
1203 2046 1386 2122 aequatum
1405 2058 1486 2123 ergo
1505 2060 1574 2125 cy-

395 2151 492 2215 lindri
518 2149 591 2226 SN,
616 2152 697 2231 QN,
721 2152 798 2229 PN,
821 2152 877 2218 LN
901 2157 979 2215 sunt
1003 2167 1074 2215 sese
1096 2139 1278 2233 aequaliter
1300 2148 1509 2225 excedentes,
1533 2156 1567 2213 et

395 2277 550 2326 excessus
574 2266 758 2343 aequantur
782 2262 920 2325 minimo
936 2277 1079 2353 eorum,
1104 2275 1220 2341 nempe
1243 2257 1394 2339 cylindro
1417 2257 1483 2323 LN.
1509 2259 1569 2322 Est

395 2375 507 2434 autem
524 2387 679 2436 excessus
694 2372 835 2455 cylindri
852 2370 905 2437 SN
919 2388 1019 2453 super
1036 2370 1226 2454 cylindrum
1247 2369 1306 2449 QN
1325 2370 1456 2447 anulus,
1471 2370 1570 2453 cujus
1628 2436 1630 2442 ,

398 2479 540 2545 altitudo
573 2485 623 2545 est
646 2480 724 2559 ΟΤ,
747 2481 810 2545 hoo
832 2487 881 2545 cst
905 2481 978 2555 llll3
1006 2480 1147 2545 latitudo
1183 2487 1293 2544 antem
1323 2480 1389 2559 SQ:
1413 2497 1567 2545 excessus

396 2594 509 2653 autem
534 2589 679 2670 cylindri
705 2587 764 2666 ΟΝ
787 2606 886 2671 super
907 2589 964 2655 ΡΝ
987 2598 1037 2654 est
1055 2589 1197 2667 anulus,
1220 2590 1317 2672 cujus
1346 2589 1488 2653 latitudo
1523 2595 1574 2654 est

398 2697 460 2775 QP,
483 2712 642 2762 excessus
666 2704 775 2761 autem
800 2696 942 2779 cylindri
965 2695 1022 2762 PN
1046 2713 1144 2778 super
1167 2695 1224 2762 LN
1247 2705 1295 2759 eet
1320 2696 1451 2767 anulus.
1477 2697 1574 2780 cujus

397 2804 540 2869 latitudo
562 2806 624 2870 PL.
648 2806 759 2885 Quare
783 2805 863 2870 dicti
890 2805 981 2868 anuli
1019 2805 1092 2884 SQ,
1116 2805 1194 2883 ΟΡ,
1215 2804 1266 2868 PL
1300 2809 1378 2868 sunt
1412 2805 1499 2868 inter
1534 2821 1569 2868 se

399 2915 553 2997 aequales
574 2921 608 2979 et
630 2916 782 2997 cylindro
804 2911 872 2979 LN.
895 2915 1025 2978 Anulus
1048 2914 1152 2997 igitur
1170 2912 1217 2978 ST
1238 2916 1399 2993 aequatur
1419 2911 1571 2995 cylindro

398 3026 476 3098 ΙΙΕ;
502 3025 623 3089 anulus
646 3024 716 3103 QV,
739 3024 797 3106 qui
821 3023 926 3105 ipsius
950 3028 1000 3086 est
1024 3021 1155 3104 duplus,
1172 3023 1334 3102 aequatur
1351 3019 1501 3101 cylindro
1518 3021 1572 3094 ΡΙ,

399 3134 451 3215 qui
487 3132 643 3197 similiter
665 3131 807 3215 cylindri
832 3132 891 3195 illl
910 3131 1031 3213 duplus
1055 3135 1126 3208 est,
1150 3137 1183 3194 et
1206 3128 1344 3193 eandem
1371 3131 1412 3193 ob
1433 3145 1571 3193 causam

399 3240 517 3305 anulus
540 3241 597 3304 ΡΙΙ
620 3240 772 3322 cylindro
794 3241 867 3315 ΤΜ,
890 3245 923 3303 et
945 3239 1116 3322 cylindrus
1139 3239 1193 3303 ΙΕ
1210 3237 1361 3320 cylindro
1378 3236 1429 3304 SN
1446 3253 1573 3318 aequa·

400 3348 595 3414 liserit.1n
619 3348 704 3412 libra
736 3349 850 3431 itaque
872 3347 931 3413 ΚΡ
954 3353 1077 3429 puncta
1102 3347 1209 3411 media
1231 3351 1401 3410 rectarum
1426 3346 1490 3420 ΕΙ,
1514 3346 1572 3411 DN

400 3462 634 3533 connectente,
658 3463 691 3521 et
713 3458 748 3521 in
773 3463 882 3539 partes
904 3457 1059 3538 aequales
1083 3457 1214 3538 punctis
1238 3455 1290 3531 ll,
1313 3454 1341 3521 G
1364 3461 1470 3529 secta,
1494 3459 1598 3531 eunt,

401 3564 645 3650 magnitudines
668 3564 854 3646 quaedam,
877 3581 994 3646 nempe
1017 3563 1159 3646 cylindri
1185 3563 1248 3639 SN,
1271 3563 1344 3635 ΤΜ,
1370 3563 1424 3639 ΡΙ,
1449 3563 1517 3639 llll,
1543 3570 1576 3627 et

401 3675 575 3757 gravitatis
598 3680 750 3739 centrum
775 3674 871 3755 primi
896 3673 1039 3756 cylindri
1062 3678 1111 3738 est
1134 3675 1181 3748 ll;
1205 3673 1340 3737 secundi
1367 3679 1511 3737 vercest
1529 3673 1574 3745 ΙΙς

401 3787 488 3851 tertii
511 3784 564 3858 G;
588 3785 698 3867 quarti
722 3786 757 3848 F.
789 3784 957 3847 Habemus
992 3789 1104 3847 autem
1131 3791 1165 3846 et
1192 3783 1292 3847 aliam
1328 3782 1447 3845 libram
1483 3781 1574 3856 ΜΚ,

399 3913 481 3977 quae
517 3900 568 3959 est
603 3895 707 3977 ipsius
736 3894 792 3958 ΡΙ(
828 3893 990 3969 dimidia,
1014 3893 1216 3974 totidemque
1252 3891 1381 3973 punctis
1406 3890 1438 3952 in
1465 3898 1573 3970 parles

402 4022 525 4088 aequas
549 4004 736 4076 distributa,
761 4021 876 4084 nempe
899 4003 977 4074 ΜΗ,
1003 4001 1072 4075 HN,
1092 4000 1165 4074 ΝΙΙ,
1180 4010 1213 4065 et
1233 4003 1266 4064 in
1283 4019 1322 4063 ea
1337 4000 1423 4063 aliae
1442 3999 1573 4081 magni-

401 4115 530 4180 tudines
560 4114 639 4190 illis,
661 4131 745 4195 quac
768 4118 846 4178 aunt
869 4113 903 4176 in
927 4113 1012 4178 libra
1036 4112 1103 4189 Fll,
1127 4129 1266 4177 numero
1288 4115 1321 4173 et
1346 4107 1573 4191 magnitudine

403 4221 568 4305 aequales,
590 4227 624 4285 et
645 4226 762 4287 centra
786 4221 990 4304 gravitatum
1014 4221 1049 4285 in
1072 4221 1176 4304 signis
1198 4220 1244 4295 M,
1269 4220 1307 4288 ll,
1331 4217 1371 4287 N.
1395 4217 1424 4281 ΙΙ
1449 4217 1575 4279 haben-

403 4336 458 4407 tes,
482 4335 516 4393 et
539 4331 654 4394 eodem
678 4331 794 4394 ordine
818 4328 995 4410 dispositae
1017 4336 1110 4393 suut:
1129 4327 1302 4410 cylindrus
1318 4325 1408 4388 enim
1426 4324 1480 4387 LE
1496 4339 1576 4387 cen-

402 4444 488 4504 trum
513 4439 688 4522 gravitatis
711 4438 810 4504 habet
833 4439 867 4502 in
892 4436 937 4510 Μ,
952 4443 986 4501 et
1002 4441 1165 4518 aequatur
1181 4433 1333 4517 cylindro
1351 4431 1402 4498 SN
1421 4436 1573 4495 centrum

401 4548 535 4614 habenti
559 4548 593 4612 in
616 4548 663 4614 ll:
687 4548 808 4612 anulus
833 4564 912 4612 vero
935 4548 991 4612 PX
1016 4552 1165 4612 centrum
1186 4546 1285 4610 habet
1306 4544 1346 4618 Η,
1362 4548 1395 4606 et
1410 4547 1576 4624 aequatur

403 4657 551 4739 cylindro
574 4654 652 4732 ΤΜ,
674 4654 772 4738 cujus
795 4661 947 4719 centrum
971 4662 1021 4718 cst
1044 4654 1096 4729 H,
1118 4658 1150 4718 et
1173 4653 1294 4722 anulus
1317 4651 1401 4729 ΟΡ,
1423 4655 1575 4716 centrum

406 4764 524 4840 liabens
547 4764 588 4840 Ν,
612 4769 774 4846 aequatur
798 4763 948 4844 cylindro
973 4764 1027 4841 ΡΙ,
1043 4763 1138 4845 cujus
1157 4767 1309 4828 centrum
1328 4768 1377 4824 est
1397 4759 1444 4831 G;
1465 4763 1498 4821 et
1513 4756 1570 4820 dc-
