3925 5784
760 744 914 789 oronnnrn
939 744 1050 790 nonen.
1424 716 1486 793 19'3

327 868 354 930 Si
375 866 465 929 onim
489 881 650 948 ponamus
675 865 962 946 tempusperAB
987 870 1119 929 esseut
1147 864 1223 939 ΑΒ,
1259 864 1321 927 erit
1356 870 1486 946 ternpus

326 994 375 1057 ρετ
397 975 452 1039 ΒΒ
477 980 515 1039 ut
538 975 614 1049 ΒΒ,
637 981 669 1039 et
691 975 772 1056 quia
795 974 850 1038 ΒΕ
877 980 927 1037 est
964 975 1073 1038 modia
1097 973 1281 1048 interiit),
1316 975 1394 1048 ΒΕ,
1428 976 1492 1038 orit

324 1085 433 1148 eadem
459 1085 514 1149 DE
537 1092 667 1165 tempus
691 1099 748 1165 ρετ
768 1089 874 1148 totam
894 1084 959 1155 DC.
979 1090 1013 1147 et
1027 1084 1081 1147 ΒΕ
1104 1090 1232 1165 tempus
1252 1079 1309 1165 per
1329 1085 1489 1166 reliquom

325 1194 369 1259 BC
394 1210 438 1257 ox
462 1196 572 1276 quiete
596 1194 630 1257 in
655 1194 692 1269 D,
702 1191 765 1257 vsou
790 1209 833 1256 ex
855 1211 935 1257 casu
955 1194 1034 1267 ΑΒ;
1055 1202 1087 1257 et
1107 1194 1260 1258 similiter
1276 1196 1493 1259 concludetur

325 1302 371 1365 BF
393 1319 468 1366 esse
490 1308 621 1384 tompus
646 1320 703 1385 ρετ
725 1302 792 1377 BG,
819 1309 891 1384 post
913 1322 1029 1368 casum
1054 1305 1218 1369 eundem:
1243 1313 1291 1370 est
1310 1313 1421 1371 autem
1441 1307 1493 1371 BF

326 1413 470 1493 aequalis
494 1412 570 1476 BE:
594 1431 674 1494 ergo
699 1419 787 1494 patet
813 1415 1028 1494 propositum.

605 1583 781 1645 Tonononn
809 1564 893 1653 xlll'.
919 1583 1106 1645 Pnoeosmo
1130 1583 1216 1645 XVl.

411 1739 450 1804 Si
470 1741 560 1822 ploni
583 1742 729 1806 inolinoti
752 1752 779 1804 et
802 1743 1014 1824 perpendiculi
1035 1752 1163 1824 portes,
1195 1761 1334 1824 quarunt
1359 1753 1498 1825 ternpore

329 1849 480 1915 lotionurn
499 1869 539 1915 ex
554 1853 658 1933 quiete
677 1852 740 1914 sint
760 1854 916 1934 aequatio,
935 1853 976 1916 od
992 1852 1071 1915 idern
1083 1861 1240 1933 punctum
1257 1861 1499 1935 componuntur,

329 1960 434 2023 nobile
457 1959 600 2023 ueniens·
621 1978 663 2023 eo
696 1959 834 2042 qualiter
857 1961 1026 2024 altitudine
1050 1962 1226 2025 sublimiori
1249 1964 1340 2026 citius
1364 1963 1501 2026 absolvet

330 2070 457 2133 eundem
469 2078 593 2151 portem
609 2070 698 2151 ploni
720 2071 876 2144 inclinati,
901 2088 999 2154 quom
1014 2072 1114 2152 ipsorn
1134 2080 1259 2154 purtem
1279 2072 1501 2153 perpendiculi.

414 2179 467 2245 Sit
483 2179 755 2260 perpendiculum
771 2181 825 2244 ΕΒ
847 2178 931 2265 (Fip.
943 2177 1012 2267 70),
1028 2188 1067 2285 ⁰¹„
1079 2180 1212 2261 planum
1230 2182 1427 2245 inclinatum
1442 2160 1501 2245 ’ΒΕ

332 2285 369 2350 od
385 2288 476 2351 idem
501 2294 662 2369 puootom
683 2289 710 2351 E
727 2290 923 2369 composita,
942 2307 1084 2369 quorum
1104 2295 1252 2369 tempora
1276 2289 1437 2353 lationum
1462 2306 1503 2351 ex

330 2397 441 2475 quiete
464 2395 499 2458 in
516 2395 544 2459 Ε
560 2396 627 2459 sint
650 2395 814 2477 aequalia,
829 2404 862 2460 et
878 2397 912 2460 in
930 2399 1163 2479 perpendiculo
1179 2403 1315 2461 extenso
1331 2404 1500 2478 sumptum

332 2506 370 2568 sit
394 2505 567 2585 quodlibet
591 2512 752 2588 punctum
777 2508 919 2572 sublime
943 2511 982 2582 A,
1006 2526 1048 2571 ex
1066 2491 1136 2589 'quo
1160 2509 1378 2572 demittantur
1397 2507 1503 2571 mobi-

332 2614 383 2678 lia.
409 2617 515 2693 Dico,
544 2623 691 2700 tompore
715 2619 858 2699 breviori
881 2620 1010 2684 absolvi
1037 2618 1173 2701 planum
1200 2620 1398 2683 inclinatum
1426 2616 1503 2689 EC.

331 2740 435 2804 quam
460 2725 732 2806 perpendicnlum
755 2728 810 2791 ΕΒ
835 2714 907 2809 post
930 2745 1045 2791 casum
1071 2730 1138 2795 ΑΕ.
1162 2730 1328 2809 iungatur
1361 2728 1436 2801 CB,
1470 2734 1503 2790 ot

332 2832 437 2908 ducto
460 2833 658 2900 horizonlnli
673 2839 751 2913 ΑΒ,
774 2838 972 2902 extendatur
997 2838 1051 2905 GE
1076 2840 1124 2903 illi
1147 2840 1382 2910 oecurrens'in
1408 2839 1445 2909 Β,
1470 2846 1502 2902 et

331 2942 396 3015 (ΞΒ,
420 2943 477 3008 ΒΕ
503 2947 611 3010 media
635 2948 888 3029 proportionalis
911 2951 955 3012 sit
977 2948 1043 3025 DF,
1066 2951 1215 3030 ipsarum
1239 2966 1318 3014 vero
1340 2949 1418 3021 ΒΑ,
1447 2946 1503 3011 ΑΕ

329 3053 447 3117 modio
470 3054 513 3116 sit
536 3053 604 3128 AG,
627 3061 660 3119 ot
683 3055 849 3120 ducuntur
873 3056 950 3130 PG,
970 3057 1038 3123 DG.
1062 3056 1104 3121 Et
1127 3058 1207 3138 quia
1232 3064 1379 3137 tempora
1401 3055 1501 3118 lotio·

327 3179 415 3225 nom
440 3179 499 3244 per
521 3162 588 3236 ΕΒ,
612 3166 732 3228 Eli-ex
755 3168 866 3246 quieto
890 3168 923 3231 io
948 3168 975 3232 Ε
1001 3175 1077 3232 sunt
1101 3167 1264 3248 aequalia,
1283 3168 1347 3230 erit
1363 3166 1506 3249 angulus

325 3270 354 3336 C
379 3276 570 3347 rectaene
594 3275 770 3338 corollario
794 3278 939 3341 secondo
974 3276 1205 3357 propositionis
1229 3274 1363 3339 sextae:
1389 3275 1502 3357 estque

328 3386 452 3443 rectus
473 3383 524 3455 Α,
551 3387 584 3444 et
607 3383 721 3464 anguli
747 3385 788 3448 ad
813 3386 971 3448 verticem
998 3385 1022 3448 Ε
1047 3366 1223 3465 aequales:
1248 3383 1415 3466 triangula
1438 3384 1505 3465 igi-

331 3495 389 3552 tur
412 3489 523 3566 AED,
557 3490 639 3556 CER
663 3498 740 3556 sunt
764 3494 1009 3576 aequiangola‚
1044 3501 1076 3558 et
1110 3496 1330 3558 laterooiroa
1354 3495 1508 3576 aequales

333 3600 479 3682 angulos
503 3601 783 3681 proportionalia3
810 3619 890 3681 ergo
914 3609 950 3666 ut
973 3602 1027 3666 ΒΕ
1052 3600 1101 3667 dd·
1118 3603 1196 3676 EC,
1225 3602 1269 3667 ita
1295 3602 1350 3667 DE
1376 3601 1417 3664 ad
1441 3603 1509 3665 ΕΑ.

334 3706 585 3790 Rootangnlom
608 3726 687 3791 ergo
711 3709 795 3773 ΒΕΑ
819 3714 869 3772 est
893 3712 1032 3792 aequato
1052 3709 1247 3792 reotoogulo
1263 3710 1347 3774 Clil)
1361 3730 1368 3772 :
1384 3716 1417 3771 et
1432 3710 1510 3789 quio

334 3815 568 3897 rootangulum
591 3815 675 3881 CDE
704 3824 838 3897 superat
873 3818 1103 3901 rectaogolurn
1129 3818 1212 3883 CED
1235 3818 1398 3897 quadrato
1435 3812 1509 3888 ΕΒ,

336 3924 570 4007 reotangulum
598 3945 677 3990 voro
700 3928 784 3992 ΒΑΕ
815 3937 948 4010 superat
983 3923 1219 4010 rootongulunr¹
1241 3927 1323 3988 ΒΕΑ
1347 3925 1509 4005 quadrato

339 4034 418 4107 ΕΔ;
443 4051 600 4098 excessus
624 4039 808 4119 reetanguli
846 4039 928 4104 CDE
965 4057 1063 4120 super
1098 4035 1293 4116 roolaogulo
1317 4036 1424 4108 ΒΑΕ,
1449 4035 1509 4096 hoo

338 4152 388 4208 est
410 4144 565 4225 quadrati
591 4145 645 4209 ΕΒ
669 4165 767 4228 super
790 4148 953 4229 quadrato
978 4148 1050 4220 AG,
1074 4148 1137 4210 erit
1160 4146 1248 4210 idem
1271 4162 1348 4208 cum
1372 4162 1509 4208 excessu

339 4240 494 4335 quadrati
519 4255 573 4319 ΒΕ
598 4271 699 4336 sopor
720 4257 884 4338 quadrato
909 4254 986 4331 ΑΕ,
1001 4258 1057 4338 qui
1072 4272 1227 4319 excessus
1244 4260 1293 4317 ost
1309 4252 1510 4335 quadratum

339 4364 418 4428 Det:
443 4370 494 4429 est
518 4366 622 4448 igitur
644 4367 843 4446 quadratum
870 4367 924 4431 ΕΒ
947 4366 1084 4447 aequale
1101 4366 1230 4429 duobos
1249 4363 1422 4443 quadratis
1442 4362 1512 4437 ΒΑ,

342 4473 396 4535 ΑΒ
414 4519 424 4548 ,
445 4473 568 4553 quibus
592 4478 641 4536 ost
664 4491 795 4555 quoquo
818 4475 955 4555 aequale
980 4473 1180 4554 quadratum
1206 4471 1289 4545 GD;
1319 4489 1397 4554 ergo
1421 4472 1515 4535 linea.

345 4578 393 4643 ΒΕ
417 4581 481 4662 ipsi
506 4581 564 4647 DG
586 4587 634 4645 est
660 4582 829 4662 aequalis.
865 4588 897 4645 ot
934 4582 1075 4665 angulus
1100 4581 1182 4647 DGF
1218 4581 1366 4662 aequalis
1391 4582 1513 4663 angulo

347 4688 435 4765 oto,
457 4695 492 4753 et
514 4691 656 4772 angulos
680 4688 764 4754 EGF
785 4688 891 4751 minor
910 4688 1034 4771 angulo
1051 4689 1147 4760 Ero,
1168 4694 1200 4752 et
1220 4688 1307 4750 lotus
1326 4689 1513 4769 oppositum

350 4792 396 4861 EF
423 4798 534 4862 minus
555 4799 658 4866 latero
682 4796 748 4861 EG.
772 4796 873 4861 Modo
896 4799 923 4861 si
947 4796 1173 4880 intelligamus
1189 4802 1437 4879 tompusoasus
1458 4813 1514 4876 ρετ

469 4901 595 4958 Βτιιιεο
615 4901 742 4957 fineen.
764 4933 796 4941 —
816 4901 847 4956 T.
871 4901 954 4956 Xlll.
1397 4902 1431 4952 25
