3925 5784
767 715 920 763 crannum
945 719 1056 768 rnnzs.
1144 733 1147 738 ·
1437 707 1500 776 183
1611 693 1614 698 ’

326 830 629 915 aequiangutorum
654 835 748 911 Cal),
765 836 837 901 bnt
856 837 960 903 latera
979 839 1071 905 circa
1095 843 1249 923 aequales
1265 844 1404 927 angulos
1424 863 1499 927 pro·

326 944 528 1023 portionalis
551 952 660 1020 erunt,
674 952 707 1012 et
723 954 760 1011 ut
777 948 833 1015 CA
848 948 891 1013 ad
907 950 974 1023 ΑΙ),
994 951 1042 1015 ita
1057 952 1115 1017 DA
1131 953 1174 1017 ad
1192 953 1245 1028 ΑΙ,
1269 954 1302 1017 id
1321 960 1370 1018 est
1386 956 1439 1021 ΒΑ
1457 955 1501 1019 ad

324 1052 379 1123 bl,
395 1069 454 1115 seu
475 1053 535 1117 tta
560 1054 603 1118 ad
625 1051 697 1135 AG,
716 1055 781 1119 boc
799 1062 849 1120 est
867 1057 922 1122 ΒΕ
940 1058 983 1122 ad
1001 1059 1069 1134 DF3
1089 1062 1262 1143 quoderat
1279 1063 1499 1143 probandum.

335 1192 339 1201 ·
418 1163 527 1227 Aliter
550 1164 637 1231 idem
661 1165 768 1247 magis
790 1166 944 1248 expedite
967 1169 1249 1235 demonstrabitur
1271 1170 1334 1234 sic:

418 1272 468 1337 Sit
492 1272 535 1335 ad
558 1272 763 1337 horizontem
790 1277 845 1340 ΑΒ
870 1272 954 1360 (Fiq.
979 1273 1034 1361 57)
1058 1283 1188 1341 erectus
1210 1278 1380 1353 circulus,
1403 1278 1500 1361 cujus

327 1384 489 1447 diameter
511 1381 567 1450 Gi)
590 1383 632 1446 ad
655 1383 862 1449 horizontem
889 1385 933 1449 sit
961 1386 1267 1468 perpendicularis;
1291 1404 1333 1450 ex
1357 1387 1498 1473 termino

328 1499 440 1556 antem
463 1491 601 1558 sublimi
624 1494 652 1557 D
675 1493 856 1578 inclinetur
879 1494 921 1558 ad
944 1495 1249 1560 circumferentiam
1268 1513 1373 1576 usqne
1391 1496 1497 1577 quod-

329 1601 405 1664 tibet
429 1599 567 1681 plenum
590 1599 654 1665 DF.
673 1601 764 1677 Dico,
784 1603 979 1670 descensum
1002 1567 1060 1684 pei
1083 1603 1218 1684 planum
1242 1604 1306 1675 DF,
1326 1611 1366 1667 et·
1380 1623 1497 1670 casum

331 1726 384 1790 per
418 1709 621 1774 diametrum
659 1708 711 1776 DC
745 1710 893 1793 ejusdem
918 1712 1051 1777 mobilis
1077 1715 1279 1795 temporibus
1304 1716 1498 1796 aequalibus

331 1819 466 1883 absolvi.
490 1818 642 1886 Ducatnr
664 1819 754 1884 enim
777 1820 831 1887 FG
855 1821 1017 1886 horizonti
1043 1824 1099 1888 AB
1124 1822 1303 1904 paratiora,
1327 1826 1499 1905 quaeerit

333 1927 369 1990 ad
392 1926 597 1996 diametrum
619 1927 673 1995 DC
698 1927 990 2010 perpendicularis,
1006 1934 1038 1993 et
1053 1936 1271 1995 connectatur
1286 1931 1353 2005 ΠΒ
1368 1939 1403 1996 et
1419 1935 1498 2015 quia

334 2042 458 2118 tempus
480 2054 581 2103 casus
603 2026 661 2120 per
684 2036 742 2106 DC.
760 2037 802 2101 ad
826 2045 957 2119 tempus
979 2056 1078 2104 casus
1101 2056 1157 2121 per
1180 2039 1237 2109 BG
1252 2048 1313 2114 est,
1333 2047 1369 2105 nt
1388 2045 1498 2110 media

336 2144 587 2226 proportionalis
609 2146 697 2212 inter
719 2146 784 2221 CB,
807 2144 864 2212 bu
887 2146 929 2210 ad
952 2147 1058 2229 ipsam
1082 2147 1162 2214 BG:
1185 2149 1293 2213 media
1316 2158 1428 2215 antem
1445 2152 1497 2216 in·

336 2258 378 2318 ter
400 2254 480 2327 Gt),
503 2254 561 2322 DG
582 2262 633 2321 est
660 2256 737 2332 DF,
770 2274 849 2321 cum
884 2258 1027 2340 angulus
1056 2258 1136 2324 DFC
1160 2260 1195 2322 in
1217 2260 1428 2325 semicirculo
1452 2264 1496 2327 sit

334 2369 464 2435 rectus,
488 2373 522 2429 et
546 2360 600 2430 FG
622 2365 904 2447 perpendicularis
928 2363 970 2429 ad
993 2364 1071 2431 DC:
1109 2371 1236 2448 tempus
1262 2368 1375 2449 itaque
1396 2387 1496 2435 casus

336 2491 385 2553 per
408 2472 463 2542 DC
488 2475 532 2539 ad
556 2480 685 2556 tempus
707 2493 806 2540 casus
831 2492 888 2556 per
911 2474 967 2541 llG
990 2480 1039 2538 est
1063 2481 1100 2539 ut
1118 2474 1204 2537 linea
1221 2475 1276 2540 Fi)
1290 2476 1333 2539 ad
1350 2476 1416 2543 nd.
1434 2478 1497 2543 Sed

333 2580 396 2661 iam
420 2584 683 2649 demonstratum
707 2590 768 2660 est,
791 2588 920 2664 tempus
943 2581 1120 2646 descensus
1143 2599 1210 2663 per¹
1223 2583 1276 2647 DF
1300 2583 1343 2647 ad
1367 2590 1496 2665 tempus

336 2708 426 2757 casus
449 2709 508 2773 per
531 2690 588 2757 DG
611 2708 691 2763 esse,
717 2698 754 2756 nt
776 2691 891 2754 eadem
917 2690 1003 2754 tinea
1025 2689 1079 2753 DF
1101 2689 1144 2753 ad
1169 2689 1247 2763 DG;
1268 2696 1415 2773 tempora
1433 2692 1498 2775 igi·

338 2805 383 2867 tur
404 2802 584 2867 descensus
607 2819 664 2884 per
686 2797 752 2875 DF,
774 2807 807 2865 et
830 2818 928 2866 casus
952 2819 1009 2883 per
1031 2799 1083 2868 DC
1108 2801 1150 2864 ad
1174 2801 1260 2865 idem
1285 2807 1416 2883 tempus
1437 2820 1496 2866 ca-

337 2930 384 2980 sus
408 2933 467 2997 per
489 2912 547 2980 llG
569 2914 708 2977 eandem
731 2912 856 2977 babent
890 2912 1076 2982 rationem,
1110 2928 1189 2993 ergo
1222 2915 1300 2975 sunt
1326 2911 1496 2992 aequalia.

334 3020 491 3089 Similiter
505 3022 797 3097 demonstrabitur,
813 3022 840 3085 si
856 3023 899 3086 ab
914 3020 983 3086 imo
1005 3019 1145 3084 termino
1163 3017 1188 3086 G
1207 3020 1358 3083 elevetur
1371 3019 1499 3084 chorda

331 3129 380 3197 GE
397 3132 500 3198 dueta
516 3131 575 3203 ΕΗ
593 3131 753 3195 horizonti
771 3129 939 3211 parallela,
954 3134 987 3192 et
998 3128 1116 3211 juncta
1131 3127 1199 3201 ED,
1216 3133 1345 3208 tempus
1360 3128 1496 3193 descen·

325 3254 384 3306 sus
408 3258 467 3324 per
488 3239 543 3307 EC
567 3241 702 3322 aequari
726 3240 865 3322 tempori
889 3256 987 3304 casus
1011 3256 1067 3320 per
1089 3238 1289 3302 diametrum
1314 3239 1378 3305 DC.

778 3408 1003 3474 Gononnsnruu
1026 3408 1049 3472 l.
1161 3426 1163 3431 ’

393 3568 502 3634 ·Hinc
525 3567 695 3651 colligitur
720 3574 867 3650 tempora
890 3568 1108 3631 descensuum
1133 3583 1190 3647 per
1213 3566 1357 3634 cbordas
1383 3583 1498 3633 omnes

316 3689 366 3741 ex
390 3678 542 3743 terminis
564 3678 601 3753 G,
624 3668 682 3743 sen
705 3678 734 3742 D
756 3677 954 3759 perductas,
978 3693 1050 3739 esse
1073 3676 1161 3740 inter
1184 3693 1219 3739 se
1243 3677 1406 3758 aequalia.

773 3838 996 3913 Gononnsnrou
1017 3846 1054 3910 ll.

414 4004 593 4089 Colligitur
615 4006 741 4079 etiam,
763 4005 851 4087 quod
874 4005 900 4069 si
925 4008 967 4069 ab
990 3995 1114 4069 eodem'
1141 4010 1262 4085 puncto
1297 4003 1497 4067 descendant

317 4112 602 4195 perpendiculum
626 4120 659 4176 et
683 4113 818 4195 planum
842 4113 1063 4187 inclinatum,
1091 4129 1190 4194 snper
1211 4130 1298 4193 quae
1320 4113 1497 4182 descensus

317 4221 409 4288 stant
434 4223 641 4305 temporibus
664 4224 870 4304 aequalibus,
885 4223 1001 4287 eadem
1022 4241 1093 4288 esse
1111 4223 1146 4286 in
1165 4222 1384 4297 semicirculo,
1401 4222 1497 4304 cujus
1622 4259 1624 4263 »

314 4334 492 4397 diameter
515 4339 564 4397 est
590 4334 861 4416 perpendiculum
885 4335 1006 4414 ipsum.

647 4491 649 4495 ’
765 4506 989 4572 Cononnsmonr
1014 4504 1065 4568 tit.
1126 4599 1129 4606 .

419 4668 505 4732 Hinc
529 4667 699 4751 colligitur
720 4665 881 4729 tationum
907 4670 1055 4745 tempora
1078 4679 1177 4743 super
1200 4660 1307 4742 planis
1330 4659 1498 4723 inclinatis

324 4785 409 4845 tunc
433 4796 504 4843 esse
527 4778 702 4859 aequalia,
736 4774 868 4856 quando
904 4773 1106 4839 elevationes
1139 4770 1284 4852 partium
1309 4766 1496 4848 aequalium
