3925 5784
396 693 462 761 utu
702 708 848 756 ntntocnt
871 708 975 755 nnete
1000 705 1103 754 nunus
1126 705 1254 753 serente

326 841 331 850 ’
395 854 541 918 terminis
566 852 660 931 cujus
685 850 747 914 dno
769 848 833 915 olio
845 850 945 931 planu
962 849 1006 914 ud
1024 849 1180 931 quodlibet
1195 846 1470 928 circumferentiae
1489 863 1577 925 pun·

394 975 480 1027 otum
496 961 726 1044 inflectantur,
751 958 915 1025 descensus
939 960 975 1022 in
995 960 1101 1041 pinnis
1125 959 1276 1023 ambobus
1294 956 1418 1041 inbonis
1439 955 1577 1020 breviori

398 1082 533 1154 tempore
555 1071 748 1145 absolvetur,
770 1077 874 1151 quum*
892 1070 927 1132 in
951 1068 1017 1133 solo
1038 1067 1253 1151 principiano
1268 1066 1462 1139 decoloret
1481 1082 1580 1149 quant

272 1183 274 1188 ’
400 1182 435 1245 in
459 1181 558 1245 altero
582 1188 707 1244 tontum
729 1195 770 1243 ecc
793 1179 852 1241 illis
876 1179 1011 1253 dnobus,
1034 1196 1142 1261 nempe
1163 1179 1199 1241 in
1222 1178 1378 1259 inferiori.

484 1287 532 1353 Sit
544 1287 662 1352 circuli
674 1287 718 1351 ad
728 1286 935 1350 horizontem
952 1287 1055 1350 erecti
1074 1288 1116 1351 ab
1127 1286 1196 1350 imo
1208 1285 1372 1368 punctoc
1393 1283 1484 1370 (Fiq.
1499 1281 1578 1368 ton)

396 1394 661 1463 circumferentia
685 1394 768 1462 CBD
790 1411 855 1458 non
880 1395 989 1476 mator
1009 1395 1204 1476 quadrante,
1226 1396 1261 1457 in
1286 1396 1418 1476 quasit
1442 1394 1579 1476 planum

394 1508 561 1572 elevatum
585 1504 651 1578 GD,
675 1510 708 1568 et
731 1504 797 1567 duo
821 1503 962 1584 plana-a
988 1505 1138 1568 terminis
1159 1505 1197 1576 b,
1221 1498 1256 1571 θ’
1270 1504 1394 1568 innexa
1417 1506 1460 1567 ad
1492 1519 1577 1584 qno-

395 1614 498 1679 dlibet
521 1619 679 1695 puuctum
702 1613 729 1676 Β
752 1612 786 1674 in
809 1611 1081 1675 circumferentia
1104 1622 1283 1693 sumptum.
1312 1613 1418 1687 Dico,
1446 1617 1578 1692 tempus

397 1724 573 1789 descensus
597 1740 655 1805 per
676 1723 775 1785 ambo
795 1722 896 1803 plana
918 1721 998 1787 DBC
1019 1722 1157 1786 brevius
1181 1728 1414 1803 essetempore
1428 1720 1574 1785 ‘descen-

398 1851 453 1897 sus
477 1849 535 1914 per
557 1833 662 1896 solum
687 1830 753 1901 DC,
776 1830 829 1894 vel
855 1847 911 1910 per
935 1829 1069 1895 unicum
1094 1828 1146 1895 BC
1171 1846 1211 1892 ex
1236 1829 1344 1909 quiete
1360 1830 1393 1892 in
1414 1831 1451 1894 B.
1469 1829 1576 1893 Ducta

398 1944 442 2007 sit
465 1940 522 2025 per
545 1942 573 2005 b
595 1938 809 2004 borimntalis
833 1938 944 2012 MDA,
967 1936 1021 2001 cui
1046 1937 1098 2002 CB
1122 1943 1259 2000 extensa
1289 1942 1445 2002 occurrat
1469 1939 1503 1999 in
1527 1938 1577 1998 A:

397 2052 525 2132 sintque
549 2048 629 2120 DN,
654 2047 714 2113 Mc
738 2047 779 2111 ad
804 2046 888 2116 MD.
913 2052 945 2109 et
969 2045 1026 2110 BN
1056 2047 1099 2110 ad
1123 2045 1178 2110 BD
1212 2045 1522 2126 perpendiculares:
1544 2049 1576 2105 et

397 2160 489 2223 circa
512 2158 716 2240 triangulum
740 2156 974 2238 rectaugulum
997 2155 1085 2221 DBN
1109 2155 1340 2220 semicirculus
1367 2155 1577 2219 describatur

398 2268 530 2341 uultu.
548 2247 740 2332 secans-DC
764 2266 798 2329 in
822 2265 870 2339 F;
891 2271 924 2327 et
946 2267 1095 2347 ipsarum
1119 2264 1195 2334 cb.
1220 2265 1273 2328 DF
1297 2264 1408 2329 media
1431 2264 1477 2328 sit
1500 2280 1576 2345 pro-

401 2377 595 2459 portionalis
629 2374 708 2448 D03
744 2376 891 2456 ipsarum
914 2381 1025 2439 autem
1050 2374 1126 2448 CA,
1151 2377 1205 2439 AB
1231 2375 1342 2438 media
1365 2375 1410 2438 sit
1432 2376 1504 2440 AV.
1529 2375 1575 2439 sit

402 2492 514 2549 autem
538 2484 586 2549 PS
611 2492 761 2565 tempus,
783 2502 849 2566 quo
879 2486 1050 2566 peragitur
1073 2491 1142 2548 tota
1164 2484 1243 2557 bs,
1269 2484 1320 2548 vel
1345 2485 1397 2551 BC
1423 2483 1575 2570 (constat

329 2578 331 2583 ’
401 2594 491 2655 enim
513 2599 660 2674 tempore
683 2594 802 2657 eodem'
832 2593 944 2675 peragi
980 2591 1202 2678 utramque),
1226 2600 1259 2656 et
1282 2610 1383 2674 quam
1408 2594 1571 2658 rationem

400 2703 500 2768 babet
523 2703 578 2768 cb
601 2703 644 2767 ad
668 2702 736 2777 ΒΟ,
751 2704 839 2767 bano
854 2703 976 2767 babent
996 2708 1125 2783 tempus
1145 2703 1191 2767 SP
1207 2702 1249 2765 ad
1269 2708 1400 2784 tempus
1419 2702 1490 2766 PR:
1512 2702 1573 2764 erit

402 2819 534 2893 tempos
559 2812 611 2875 PR
634 2811 680 2885 td,
703 2813 737 2875 in
762 2829 828 2893 quo
851 2812 971 2875 mobile
995 2828 1036 2873 ex
1059 2811 1088 2875 D
1111 2812 1240 2893 peragit
1262 2810 1340 2884 1qu
1362 2810 1415 2876 lts
1434 2810 1573 2883 veroid,

404 2922 439 2984 in
462 2937 529 3001 quo
551 2920 717 3001 reliquum
741 2919 803 2985 FC.
828 2918 912 2983 Cum
938 2936 1017 2982 vero
1039 2919 1087 2983 PS
1111 2920 1154 2983 sit
1176 2936 1307 2999 quoque
1331 2925 1483 3000 tempus,
1508 2935 1571 2999 quo

399 3028 521 3094 mobile
544 3046 585 3090 ex
609 3028 786 3109 B'perngit
808 3026 883 3097 BC:
906 3027 933 3089 si
959 3025 1018 3089 fiat
1041 3031 1077 3089 ut
1092 3024 1144 3090 BC
1164 3026 1206 3088 ad
1223 3025 1288 3100 cb,
1307 3028 1354 3089 ita
1375 3024 1421 3090 SP
1440 3026 1483 3089 ad
1504 3026 1571 3097 ΡΤ,

399 3138 463 3200 erit
484 3133 537 3201 PT
564 3143 692 3218 tempus
716 3118 813 3199 casus
836 3153 878 3197 en
900 3139 928 3198 Α
952 3136 987 3198 in
1012 3134 1060 3209 G,
1084 3152 1160 3199 cum
1198 3134 1250 3201 DC
1288 3134 1463 3199 mediaest
1486 3137 1572 3212 inter

398 3248 465 3323 AC,
487 3249 556 3321 CB,
581 3266 622 3311 ex
645 3254 724 3312 aute
747 3249 993 3312 demonstratis.
1017 3248 1091 3311 Fiat
1116 3252 1269 3319 tantum.
1296 3253 1332 3312 ut
1356 3246 1412 3313 CA
1437 3246 1479 3310 ad
1506 3248 1572 3321 AV,

400 3359 447 3419 ita
473 3358 524 3420 ΤΡ
548 3357 589 3419 nd
612 3356 667 3422 PG
680 3376 699 3429 ;·
712 3358 775 3420 erit
796 3356 850 3422 PG
874 3363 1101 3439 tempusque
1125 3357 1246 3423 mobile
1264 3362 1350 3421 end
1372 3356 1465 3421 venit
1481 3358 1516 3420 in
1532 3357 1571 3429 B;

400 3462 454 3529 GT
480 3481 559 3527 vero
583 3469 711 3545 tempus
735 3464 906 3530 residuum
929 3471 1039 3541 motus
1067 3465 1118 3531 BC
1148 3469 1379 3548 consequentis
1404 3472 1478 3548 post
1502 3483 1573 3530 mo-

401 3579 537 3635 tum-ex
561 3575 589 3635 Α
613 3572 647 3634 in
671 3573 706 3635 B.
725 3572 908 3638 Cum-vero
924 3573 983 3638 DN
999 3575 1116 3639 circuli
1137 3574 1220 3639 DFN
1241 3575 1403 3640 diameter
1417 3575 1466 3639 «nd
1480 3575 1572 3639 bori-

400 3686 529 3744 zontem
564 3684 606 3743 sit
640 3686 771 3752 erecte,
796 3682 999 3762 temporibus
1021 3681 1216 3762 aequalibus
1241 3688 1440 3764 peragentur
1462 3681 1518 3745 DF
1540 3688 1571 3743 et

402 3789 456 3852 be
482 3789 597 3853 lineae.
621 3788 731 3865 Quare
755 3789 782 3851 si
807 3789 1071 3872 demonstratum
1093 3790 1208 3864 fuerit,
1231 3792 1354 3854 mobile
1376 3792 1478 3855 eitius
1502 3807 1573 3873 per·

400 3916 510 3962 meare
533 3898 585 3963 BC
611 3904 683 3978 post
705 3915 821 3962 casum
841 3898 907 3972 bn,
921 3916 1023 3979 quam
1042 3899 1093 3965 FC
1113 3906 1184 3979 post
1199 3906 1370 3979 peractam
1386 3898 1452 3974 DF,
1466 3899 1570 3963 babe-

399 4008 509 4072 bimus
532 4008 706 4071 intentum.
730 4010 773 4069 At
795 4007 910 4069 eadem
934 4008 1090 4088 temporis
1113 4007 1281 4071 celeritate
1300 4006 1439 4070 conficit·
1451 4007 1570 4073 mobile

399 4118 536 4182 veniens
558 4134 599 4179 ex
623 4116 650 4179 Ι)
671 4133 732 4197 per
753 4116 807 4180 bb
832 4116 937 4197 ipsam
961 4116 1030 4191 BC,
1053 4135 1092 4180 ao
1116 4118 1144 4180 si
1169 4117 1295 4181 venerit
1313 4133 1354 4179 ex
1374 4119 1482 4198 Aper
1501 4117 1571 4189 ΑΒ,

398 4243 475 4289 cum
499 4244 543 4289 ex
564 4230 704 4307 utroque
738 4244 818 4290 casu
853 4226 929 4300 bn,
955 4228 1009 4289 ΑΒ
1039 4228 1189 4307 aequalia
1216 4226 1359 4308 accipiet
1382 4227 1570 4292 velocitatis

401 4344 590 4410 momenta3
614 4355 693 4420 ergo
717 4338 1009 4406 demonstrandum
1033 4339 1107 4411 erit,
1131 4338 1275 4401 breviori
1296 4342 1443 4417 tempore
1458 4337 1569 4418 peragi

399 4446 450 4512 BC
476 4453 548 4527 post
572 4447 749 4528 Aliquam
775 4446 824 4513 FC
851 4453 922 4527 post
946 4448 1010 4511 DF.
1034 4446 1247 4528 Explicatnm
1271 4450 1321 4509 est
1343 4448 1465 4514 autem,
1486 4447 1569 4507 tem·

401 4570 472 4634 pus,
495 4570 560 4632 qno
584 4556 752 4637 peragitur
773 4554 825 4621 BC
851 4561 922 4635 post
947 4557 1013 4630 ΑΒ,
1037 4569 1107 4618 esse
1125 4554 1201 4620 GT:
1218 4559 1348 4634 tempus
1369 4570 1448 4616 vero
1465 4554 1570 4634 ipsius

401 4661 451 4727 FC
476 4669 549 4742 post
572 4662 625 4725 DF
648 4680 718 4725 esse
741 4665 801 4729 RS.
837 4662 1084 4729 ostendendum
1110 4664 1230 4745 itaque
1264 4664 1335 4737 est,
1371 4662 1422 4727 RS
1456 4664 1568 4745 majus

401 4787 471 4836 esse
495 4791 596 4874 quam
619 4771 673 4839 GT
687 4777 806 4854 ,quod
831 4776 879 4839 sic
902 4776 1109 4839 ostenditur:
1132 4776 1211 4854 quia
1234 4782 1271 4837 ut
1296 4773 1341 4839 SP
1365 4772 1408 4836 ad
1431 4772 1499 4846 PR,
1523 4772 1567 4835 ita
