3925 5784
395 672 472 751 196Ι
700 687 846 734 circeum
870 688 971 733 uultu
997 688 1101 734 uucvu
1125 689 1253 735 suruuzu
1379 681 1384 690 “

686 870 859 932 Pueeruur
887 868 944 941 Vl,
968 868 1155 931 Pueresrrre
1181 867 1267 931 xlx.

482 1028 617 1093 liutein
639 1026 861 1109 perpendiculo
881 1027 983 1107 spatie
1005 1012 1193 1108 quecunque
1217 1044 1237 1089 u
1258 1026 1414 1108 principie
1438 1027 1568 1091 lationis

390 1142 537 1215 peracto,
572 1134 705 1216 datoque
739 1143 874 1213 tempore
909 1150 1025 1206 casus,
1050 1143 1171 1214 tempus
1195 1136 1352 1216 reperire,
1380 1152 1444 1217 pue
1478 1134 1569 1199 uliud

394 1240 521 1323 aequale
544 1242 681 1323 spatium
703 1240 886 1321 ubicunque
906 1241 941 1303 iu
964 1240 1068 1304 ecdem
1087 1242 1310 1322 perpendiculo
1333 1252 1506 1325 acceptum,
1526 1245 1569 1307 ul

394 1351 497 1415 euclem
520 1352 624 1415 meliti
647 1359 875 1432 consequenter
898 1351 1094 1432 conficiatur.
1554 1426 1555 1435 ἵ

484 1461 533 1527 Sit
551 1463 584 1525 iu
606 1459 836 1541 perpendiculo
853 1461 908 1523 ΑΒ
925 1456 966 1545 (F
968 1461 1010 1538 ip.
1026 1457 1080 1545 ll)
1105 1460 1327 1542 quodcunque
1350 1460 1498 1543 spatium
1513 1460 1570 1528 AG

393 1592 435 1640 ex
453 1575 615 1656 principie
638 1574 770 1638 lationis
789 1574 823 1637 in
843 1578 872 1637 Α
891 1579 1078 1655 acceptum,
1095 1574 1148 1638 cui
1169 1576 1307 1655 aequale
1323 1574 1367 1638 sit
1382 1574 1475 1639 aliud
1492 1590 1571 1655 spu·

395 1684 479 1758 tium
499 1684 553 1751 DB
579 1684 767 1764 ubicunque
790 1688 977 1764 acceptum,
1001 1683 1109 1764 sitque
1132 1684 1248 1747 dutum
1277 1690 1406 1766 tempus
1435 1684 1573 1747 lationis

396 1810 453 1873 per
465 1792 531 1864 AC,
555 1794 662 1873 sitque
686 1792 769 1856 illud
792 1793 857 1858 AC.
882 1791 1019 1874 Oportet
1042 1794 1186 1875 reperire
1208 1799 1338 1876 tempus
1358 1794 1492 1857 lationis
1515 1810 1574 1874 per

395 1898 449 1964 DB
466 1904 538 1979 post
559 1916 675 1963 casum
699 1917 741 1963 ex
765 1904 802 1964 A.
823 1899 920 1964 Circa
944 1905 1048 1964 totam
1072 1903 1127 1969 ΑΒ
1144 1902 1374 1966 semicirculus
1397 1882 1571 1976 describa-

396 2010 450 2069 tur
469 2006 563 2079 AER,
587 2013 684 2074 etex
708 2008 731 2072 C
757 2008 798 2099 ud
823 2009 877 2074 ΑΒ
902 2010 1183 2090 perpendicularis
1207 2010 1249 2073 sil
1274 2010 1339 2083 GE,
1358 2016 1391 2073 et
1405 2012 1571 2093 jungatur

397 2116 465 2189 ΑΕ,
488 2134 572 2197 quae
598 2117 703 2199 maior
726 2118 789 2179 erit
812 2135 912 2198 quam
938 2118 1001 2185 EC.
1024 2118 1158 2181 Secetur
1178 2120 1233 2186 EF
1251 2119 1312 2201 ipsi
1332 2119 1385 2187 EC
1406 2119 1572 2200 aequalis;

394 2224 469 2287 dico
491 2224 656 2304 reliquum
692 2226 746 2289 ΡΑ
780 2242 851 2287 esse
886 2230 1016 2305 tempus
1041 2216 1174 2292 lationis
1199 2242 1256 2306 per
1279 2226 1343 2289 DB.
1368 2224 1456 2303 Quia
1480 2225 1571 2289 enim

395 2334 451 2396 ΑΕ
486 2338 536 2398 cst
560 2334 669 2396 media
694 2335 780 2397 inter
805 2334 876 2407 BC,
908 2333 986 2406 AC;
1015 2338 1129 2423 estque
1152 2335 1205 2402 AC
1231 2341 1360 2416 tempus
1382 2351 1485 2398 casus
1514 2352 1571 2416 per

395 2442 466 2516 AC;
492 2421 555 2504 eri't
585 2442 642 2511 ΑΕ
679 2448 809 2522 tempus
832 2420 890 2523 per
914 2446 1019 2506 totum
1044 2443 1109 2535 ΑΒ.
1137 2442 1286 2522 Cumque
1309 2443 1501 2512 cumeurn
1529 2443 1571 2506 sit

396 2551 482 2616 iuter
504 2551 572 2624 DA,
596 2552 650 2619 Ac
674 2549 747 2635 (est
766 2552 856 2627 enim
883 2553 940 2621 DA
963 2552 1112 2632 aequalis
1136 2552 1201 2636 ipsi
1224 2548 1311 2638 Bc),
1335 2552 1398 2618 erit
1422 2552 1488 2627 GE,
1507 2554 1573 2618 hcc

396 2665 446 2728 est
479 2660 556 2747 EF,
576 2664 721 2742 ‚tempus
757 2679 814 2743 per
839 2663 922 2739 ,AD3
946 2680 1027 2744 ergo
1050 2662 1178 2745 relique
1203 2664 1257 2732 AF
1281 2667 1331 2727 est
1355 2667 1493 2745 tempus
1516 2680 1573 2745 per

397 2768 557 2856 reliquam
585 2769 649 2843 DB,
673 2771 761 2855 quod
785 2777 834 2835 est
858 2772 1074 2853 propositum.
1163 2810 1166 2814 ·

734 2939 737 2949 '
865 2940 1098 3008 ueneremur.
1212 2968 1214 2970 >

486 3100 571 3164 llinc
594 3099 784 3180 colligitur,
819 3099 958 3184 quodsi
983 3098 1125 3181 alicujus
1149 3101 1247 3181 sputii
1272 3107 1415 3184 ponetur
1438 3105 1571 3181 tempus

397 3226 437 3275 ex
462 3208 572 3289 quiete
595 3223 666 3270 esse
695 3212 734 3271 ut
756 3207 935 3288 ipsummet
952 3208 1097 3295 spatium
1114 3226 1122 3281 ;
1139 3212 1268 3288 tempus
1285 3208 1374 3273 iltius
1391 3212 1465 3288 post
1482 3207 1575 3276 uliud

398 3320 543 3400 spatium
563 3318 763 3400 adjunctum
786 3318 856 3382 erit¹
873 3334 1030 3385 excessus
1053 3317 1151 3382 medii
1175 3317 1486 3405 interadjuuctum
1506 3333 1574 3384 uua

398 3447 477 3494 cum
500 3429 618 3511 spatio,
653 3434 685 3497 et
720 3428 830 3508 ipsum
854 3428 1000 3510 spatium
1024 3444 1123 3509 super
1146 3427 1292 3492 medium
1315 3427 1401 3496 iuter
1426 3425 1572 3507 primum

399 3545 431 3603 et
453 3538 660 3620 adjunctum.
683 3538 794 3603 Veluti
819 3538 947 3619 posito,
970 3537 1058 3620 quod
1085 3541 1213 3618 tempus
1229 3537 1374 3617 per-AB
1404 3531 1492 3620 (Flu.
1515 3531 1570 3620 75)

400 3665 442 3712 cx
464 3647 575 3727 quiete
590 3647 625 3710 iu
642 3649 671 3715 Α
690 3646 734 3710 sit
753 3648 818 3720 AB.
838 3647 951 3711 addito
971 3646 1034 3722 AS,
1058 3651 1188 3729 tempus
1207 3664 1264 3728 per
1282 3647 1337 3714 ΑΒ
1357 3650 1429 3727 post
1446 3644 1500 3712 SA
1515 3643 1577 3706 crit

400 3775 555 3824 excessus
572 3757 672 3831 medii
684 3758 771 3824 iuter
790 3758 848 3833 SR,
867 3759 924 3824 BA
939 3774 1039 3838 super
1066 3757 1215 3824 medium
1233 3757 1320 3820 iuter
1334 3756 1403 3842 ΒΑ,
1420 3753 1484 3822 As.
1506 3750 1574 3818 uer

401 3876 457 3944 est,
478 3869 538 3932 crit
558 3866 621 3931 BD
645 3885 790 3932 excessus
813 3868 931 3931 mediae
956 3866 1012 3930 BC
1036 3866 1286 3953 cuccumellum
1312 3863 1377 3937 CA,
1403 3865 1467 3932 siec
1493 3862 1570 3928 OD.-

704 4038 877 4105 Puemuur
904 4036 972 4107 vll,
994 4037 1182 4103 Puerosrrm
1207 4035 1278 4103 XX.

418 4239 421 4243 .
491 4190 575 4255 Date
596 4192 731 4278 quelibet
753 4193 871 4273 spatio,
895 4200 923 4253 ct
944 4200 1036 4272 purte
1059 4193 1093 4255 iu
1117 4213 1151 4264 ce
1170 4200 1242 4273 pest
1262 4192 1459 4273 principium
1484 4193 1576 4258 lutic-

402 4303 462 4373 πίε,
485 4308 607 4381 perlem
630 4302 762 4366 alterum
785 4318 895 4365 versus
918 4305 1011 4385 ficem
1028 4302 1175 4383 reperire,
1194 4319 1275 4384 pecc
1290 4304 1480 4384 conficiatur
1499 4309 1575 4372 tenl-

399 4429 473 4491 perc
497 4412 600 4503 ecdem
622 4430 660 4475 cc
680 4411 786 4493 primu
810 4410 893 4476 duta.

491 4520 538 4587 Sit
550 4523 695 4601 spatium
707 4521 758 4586 CB
773 4517 858 4604 (Εἰς.
871 4519 942 4606 76),
965 4529 998 4586 et
1015 4524 1049 4587 in
1068 4541 1108 4587 co
1128 4541 1202 4604 pars
1219 4523 1273 4589 CI)
1291 4523 1369 4587 dete
1390 4528 1463 4603 pest
1481 4523 1574 4604 priu-

400 4630 524 4709 cipium
539 4630 674 4714 lationis
698 4632 732 4693 in
752 4632 785 4699 C.
810 4632 947 4713 Oportet
971 4639 1099 4715 partem
1122 4634 1262 4699 alterum
1288 4651 1404 4698 versus
1427 4633 1571 4698 fiuemll

403 4740 555 4820 reperire,
574 4757 659 4820 quae
676 4739 874 4805 conficietur
888 4749 1034 4823 tempore
1047 4743 1162 4807 ecdem
1178 4762 1217 4807 ec
1235 4744 1312 4807 data
1329 4744 1394 4810 CD.
1411 4743 1572 4810 Sumatur
