3925 5784
408 698 470 763 int
708 713 855 764 orlnoenr
879 712 982 760 nunna
1006 711 1110 760 nonve
1135 710 1262 760 serenan

404 838 444 899 ad
470 838 508 909 E,
531 840 562 899 et
587 837 613 901 E
636 836 679 900 ad
702 837 752 909 Gr
772 838 857 901 ratio
880 843 993 901 autem
1009 836 1033 902 C
1051 834 1092 899 ad
1109 834 1136 901 E
1154 840 1257 919 posita
1277 833 1460 920 estfeadem
1483 850 1564 899 curn

403 948 530 1010 ratione
552 948 649 1027 spatii
675 948 711 1017 V,
727 947 769 1012 ad
791 947 935 1027 spatium
960 949 1009 1040 T?
1034 945 1120 1010 ratio
1142 961 1222 1009 vero
1245 942 1271 1008 E
1302 944 1345 1008 ad
1374 943 1404 1010 G
1430 946 1480 1008 est
1510 958 1569 1005 ea·

403 1056 476 1119 dem
502 1072 579 1119 cum
605 1056 732 1120 ratione
756 1054 783 1119 R
808 1056 849 1118 ad
873 1054 916 1126 ὃς
940 1071 1020 1137 ergo
1043 1058 1133 1135 patet
1157 1053 1373 1135 propositum.

491 1213 585 1286 Satn.
608 1221 743 1301 Questo,
758 1218 818 1284 cbe
835 1212 990 1284 abbiamo
1002 1219 1138 1295 reduto,
1154 1216 1172 1282 e
1187 1200 1312 1302 quanto
1327 1220 1352 1283 il
1365 1226 1479 1285 nostro
1493 1223 1567 1283 Au·

403 1306 471 1393 lore
495 1329 539 1391 ba
561 1313 677 1392 scritto
701 1328 752 1391 dei
780 1334 870 1392 moto
896 1326 1057 1408 equabilc.
1088 1328 1280 1392 Passeremo
1303 1328 1438 1421 dunque
1462 1346 1483 1391 a
1509 1328 1566 1410 piu

400 1437 510 1501 snttile
532 1455 550 1498 e
574 1452 685 1501 nuova
708 1418 988 1517 contemplacione
1011 1437 1143 1501 intorno
1163 1436 1194 1499 al
1210 1442 1302 1501 moto
1321 1418 1570 1502 naturaimente

402 1548 597 1619 accelerato,
620 1546 718 1628 quale
741 1542 759 1608 e
781 1545 892 1627 quello
909 1532 971 1623 ebe
992 1541 1235 1628 generalmente
1262 1532 1281 1607 b
1304 1545 1489 1609 'esercitato
1513 1544 1569 1610 dai

401 1654 514 1717 mobili
541 1655 634 1734 gravi
660 1653 879 1726 discendenti,
903 1654 943 1719 ed
967 1671 1047 1717 ecco
1072 1654 1094 1717 ii
1118 1654 1212 1718 titolo
1230 1672 1248 1715 e
1268 1653 1543 1748 l'introduzione.

835 1850 936 1901 bineli
954 1849 1139 1901 SECUNDUS.

476 2047 478 2052 .
564 2000 618 2064 on
642 1998 764 2064 noro
788 1957 1093 2062 manuninum
1117 1992 1411 2099 nonanoeane.
1471 2065 1474 2070 ,
1520 1968 1523 1971 ’

490 2173 584 2251 Quae
606 2171 642 2233 in
664 2173 756 2232 motu
781 2164 945 2248 aequabili
969 2164 1167 2245 contingunt
1189 2162 1389 2234 accidentia,
1413 2162 1448 2227 in
1474 2180 1569 2243 prae·

399 2264 646 2346 cedenli'iibro
679 2278 888 2342 considerata
922 2283 1022 2340 sunt:
1057 2276 1156 2339 modo
1190 2277 1230 2339 de
1261 2277 1353 2341 motu
1377 2261 1570 2342 ¹accelerato

399 2379 619 2470 tractandum.
654 2386 696 2450 Et
721 2388 840 2468 primo,
872 2384 1098 2449 definitionem
1131 2385 1185 2461 ei,
1207 2403 1274 2466 quo
1298 2384 1404 2449 utitur
1428 2392 1571 2464 natura,

400 2498 549 2581 apprime
573 2499 810 2577 congruentem
833 2494 1052 2576 investigare,
1083 2498 1192 2573 atque·
1216 2492 1383 2573 explicare
1405 2494 1571 2559 convenit.

399 2583 562 2683 Quamvis
576 2605 664 2666 enim
681 2602 828 2682 aliquam
848 2601 980 2664 lationis
997 2602 1139 2683 speciem
1157 2617 1198 2663 ex
1214 2600 1572 2685 arbitrionootingere,

398 2721 431 2777 et
453 2718 689 2794 consequentes
711 2711 783 2793 ejus
803 2711 969 2791 passiones
993 2711 1234 2791 contemplari,
1259 2728 1323 2774 nnn
1348 2712 1390 2774 sit
1412 2711 1571 2776 inconve-

399 2825 492 2888 niens
516 2819 585 2908 (ita
609 2824 696 2884 enim
721 2821 776 2901 qui
802 2819 932 2884 Helices
950 2805 1009 2884 aul
1026 2820 1230 2886 Concbnides
1248 2820 1353 2885 lineas
1367 2838 1410 2883 ex
1426 2821 1572 2885 motibus

399 2933 598 3016 quibusdam
623 2937 766 3003 exortas,
791 2931 868 2994 licet
893 2930 1014 2994 talibus
1038 2948 1103 3013 nnn
1128 2935 1245 2994 utatur
1266 2936 1403 3005 natura,
1421 2929 1486 2994 sibi
1510 2928 1574 2994 lin-

400 3048 533 3119 xerunt,
544 3059 661 3106 earum
677 3045 900 3123 symptomata
914 3058 957 3101 ex
972 3038 1198 3120 suppositione
1214 3031 1483 3104 demonstrarunt
1494 3056 1571 3103 oum

274 3222 276 3230 ,
399 3155 529 3242 laude),
554 3161 663 3221 tamen
687 3154 955 3236 quandoquidem
979 3153 1123 3235 qiradam
1144 3154 1394 3218 acceleratinnis
1413 3154 1523 3235 speeie
1537 3154 1571 3217 in

376 3268 465 3329 ,suis
499 3264 697 3346 quibusdam
733 3265 899 3339 motibus,
929 3263 1085 3345 gravium
1115 3262 1242 3326 scilicet
1280 3262 1573 3339 descendentium,

397 3376 504 3436 utitur
526 3379 670 3447 natura,
700 3372 880 3435 eorundem
905 3371 1069 3452 speculari
1097 3372 1264 3451 passiones
1289 3357 1523 3447 decrevimus,
1545 3370 1572 3437 si

398 3498 471 3543 eam
495 3496 594 3561 qnam
618 3480 751 3543 allaturi
776 3497 892 3542 sumus
915 3479 956 3541 de
982 3484 1096 3542 nostro
1120 3486 1211 3542 motu
1236 3479 1420 3543 accelerato
1455 3477 1572 3543 delini·

400 3590 519 3652 tionem
554 3606 632 3652 curn
666 3589 807 3651 essentia
834 3594 942 3652 motus
966 3588 1166 3652 naturaiiter
1190 3588 1366 3653 accelerati
1389 3605 1573 3672 congruere

397 3698 584 3779 contigerit.
620 3696 717 3773 Quod
755 3695 886 3760 landem
922 3702 994 3777 post
1030 3696 1207 3760 diuturnas
1232 3696 1351 3760 mentis
1374 3696 1573 3778 agitationes

398 3805 569 3886 reperiisse
585 3803 796 3880 confidimns,
811 3822 851 3868 ea
869 3799 1078 3886 potissimum
1104 3804 1194 3867 ducti
1218 3805 1358 3880 ratione,
1375 3803 1460 3885 quia
1483 3817 1574 3887 sym·

398 3906 553 3995 plumatis
588 3914 741 3995 deinceps
764 3932 783 3976 a
808 3914 901 3978 nobis
925 3916 1158 3979 demonstratis
1182 3915 1330 3996 apprime
1353 3916 1574 3997 respondere,

380 4009 494 4105 vatqire
526 4039 707 4104 congruere
738 4022 895 4087 videntur
927 4040 988 4098 ea,
1022 4040 1107 4104 quae
1141 4022 1308 4086 naturalia
1339 4022 1572 4103 experimenta

396 4135 506 4197 sensui
545 4137 803 4214 repraesentant.
845 4134 1015 4196 Postremo
1049 4132 1091 4195 ad
1131 4132 1422 4214 investigationem
1462 4138 1576 4197 motus

396 4243 593 4307 naturaliter
616 4243 791 4307 accelerati
809 4261 868 4306 nos
884 4244 979 4324 quasi
997 4261 1099 4307 manu
1118 4244 1213 4307 duxit
1230 4242 1477 4308 animadversio
1494 4261 1577 4309 cou-

396 4349 591 4424 suetudinis,
614 4357 713 4431 atque
735 4351 878 4414 instituti
904 4352 1078 4432 ipsiusmet
1104 4354 1243 4416 naturae
1283 4352 1316 4415 in
1351 4355 1473 4418 celeris
1504 4355 1576 4419 suis

393 4461 547 4539 operibus
570 4463 744 4536 omnibus;
769 4462 802 4525 in
826 4462 946 4542 quibus
967 4464 1153 4539 exerendis,
1177 4464 1226 4527 nli
1252 4465 1427 4528 consuevit
1454 4465 1577 4529 mediis

396 4569 522 4650 primis,
540 4571 804 4651 simplicissimis,
826 4573 1010 4637 facillimis:
1036 4556 1202 4639 neminem
1219 4575 1309 4638 enim
1327 4591 1399 4637 esse
1418 4575 1576 4647 arbitror,

394 4680 450 4758 qui
475 4678 783 4754 credal'nalatom‚
819 4690 877 4745 aut
914 4684 1063 4747 volatum
1089 4684 1312 4766 simpliciori,
1341 4690 1399 4748 aut
1430 4685 1575 4750 faciliori

396 4788 495 4854 modo
524 4791 669 4853 exerceri
696 4809 799 4871 posse,
823 4810 921 4872 qnam
947 4810 986 4855 eo
1011 4795 1092 4873 ipso,
1115 4811 1180 4873 qun
1206 4795 1310 4874 pisces
1345 4800 1376 4855 et
1414 4811 1494 4859 aves
1524 4795 1578 4857 in-
