3925 5784
389 718 454 781 284
700 728 842 776 orsuouur
868 726 970 772 nuncu
994 722 1096 769 nuovu
1120 720 1247 770 seruum

390 856 430 919 tis
453 856 530 927 GE,
564 860 596 916 ct
625 852 663 918 it]
690 854 797 914 minor
821 847 892 912 SN:
927 851 960 908 et
993 844 1072 926 quia
1104 848 1243 921 utruque
1278 838 1376 904 simut
1401 838 1478 909 BE,
1503 835 1559 900 NP

390 966 432 1028 ud
456 964 510 1029 NP
532 968 582 1026 est
605 967 640 1025 ut
664 976 766 1024 conus
790 955 831 1020 ud
858 956 908 1027 X;
931 970 1087 1018 excessus
1119 954 1254 1024 cutem,
1285 966 1350 1029 quo
1384 964 1488 1011 conus
1512 945 1562 1009 iu-

389 1072 545 1152 scriptam
570 1069 711 1150 iigurcm
730 1069 873 1145 superet,
897 1062 1004 1126 minor
1027 1067 1077 1124 est
1098 1059 1204 1124 solido
1228 1058 1272 1124 X:
1295 1075 1375 1137 ergo
1394 1071 1500 1122 conus
1519 1055 1560 1117 ad

389 1180 514 1244 dictum
531 1195 702 1242 excessum
721 1171 1060 1257 majorem-rationem
1072 1168 1319 1248 habebitpucm
1336 1171 1476 1246 utraque
1494 1166 1560 1238 ΒΕ,

391 1286 445 1350 NP
468 1285 509 1349 ud
533 1284 602 1350 NP:
621 1290 654 1348 et
670 1280 860 1352 dividendo,
883 1276 1042 1357 inscripto
1067 1275 1174 1357 tiguru
1197 1273 1239 1340 cd
1258 1290 1443 1349 excessum,
1457 1290 1562 1354 quoa

390 1411 473 1457 cono
496 1399 676 1473 superatur.
703 1388 861 1470 maJorom
885 1385 1044 1449 rationem
1068 1383 1202 1447 habebit
1224 1400 1325 1463 quum
1348 1382 1402 1447 ΒΕ
1427 1381 1471 1445 ud
1490 1381 1560 1447 Nm

392 1501 490 1564 habet
512 1504 621 1562 autem
648 1498 699 1561 BE
724 1495 765 1558 ud
784 1495 825 1558 El
842 1494 1004 1557 minorem
1021 1491 1130 1554 adhuc
1148 1491 1311 1554 rationem
1329 1507 1429 1571 quum
1446 1489 1491 1553 od
1509 1489 1562 1555 NP

391 1627 467 1673 cum
493 1609 544 1678 ΙΕ,
567 1624 643 1670 cum
669 1604 775 1685 major
798 1604 840 1666 sit
864 1602 928 1668 NP.
954 1618 1033 1682 ergo
1056 1599 1214 1679 inscripta
1239 1597 1345 1680 ligure
1370 1597 1414 1661 ud
1448 1614 1562 1661 exces-

391 1737 476 1792 sum,
504 1733 612 1799 quou
645 1732 730 1778 cono
751 1709 1064 1792 supersim-mutto
1089 1712 1249 1794 mojorem
1274 1709 1439 1774 rationem
1464 1708 1562 1772 babet

392 1844 491 1907 quam
514 1826 567 1890 ΒΕ
590 1824 632 1888 od
655 1824 719 1887 Ei:
741 1837 841 1902 quam
866 1820 967 1902 igitur
992 1822 1154 1883 rationem
1190 1818 1290 1884 natet
1324 1818 1486 1900 inscripta
1522 1819 1562 1883 ud

392 1936 517 1999 dictum
538 1949 721 2002 excessum.
746 1932 830 1994 hunc
854 1930 987 1996 habebit
1009 1930 1051 1994 uu
1075 1928 1116 1994 ΕΙ
1141 1930 1227 1992 tineo
1260 1928 1426 2009 quaedam
1457 1928 1562 2011 major

393 2046 464 2128 ipsa
485 2043 550 2108 ΒΕ.
574 2043 623 2108 Sit
646 2043 704 2106 iitn
728 2043 800 2110 ME.
825 2042 910 2120 Quia
936 2041 1039 2123 igitur
1062 2041 1126 2106 ME
1147 2041 1250 2124 pout
1267 2049 1328 2114 est.
1346 2050 1381 2107 ut
1401 2044 1558 2125 iuscripta

392 2153 497 2236 figura
520 2154 561 2217 od
585 2170 857 2233 excessumque
879 2169 900 2215 a
922 2169 1007 2216 cono
1030 2158 1214 2233 superatur,
1237 2158 1343 2218 erest
1365 2154 1561 2219 Eoeutrum

393 2264 567 2344 gravitatis
589 2264 678 2336 coni,
700 2262 714 2326 1
739 2280 817 2326 vero
837 2269 887 2325 ost
911 2261 1086 2343 gravitatis
1104 2267 1256 2326 centrum
1274 2262 1469 2344 inscriptus:
1488 2281 1563 2347 ergo

393 2371 428 2437 M
449 2374 513 2435 erit
535 2380 688 2442 centrum
711 2372 885 2453 gravitatis
909 2371 1114 2453 reliquarum
1137 2372 1335 2451 porticuum,
1358 2373 1482 2453 quibus
1509 2392 1564 2438 co·

393 2499 455 2546 nus
477 2484 670 2563 inscriptum
687 2484 748 2547 sibi
766 2482 908 2564 tigurum
924 2481 1067 2553 excedit,
1085 2481 1171 2561 quod
1191 2489 1241 2545 est
1258 2482 1474 2563 impossibiie.
1491 2482 1561 2550 Non

393 2595 443 2654 est
462 2601 541 2672 ergo
563 2599 712 2656 centrum
737 2592 911 2673 gravitatis
934 2592 1009 2655 coni
1035 2589 1122 2655 inira
1145 2592 1356 2673 Cpunotum.
1375 2592 1440 2659 Sed
1460 2611 1561 2676 neque

397 2719 507 2783 supra.
527 2700 624 2778 Nam,
647 2703 674 2765 si
700 2708 815 2782 potest,
838 2702 880 2765 sit
904 2702 954 2775 R3
971 2706 1004 2763 et
1020 2717 1132 2765 rursus
1151 2706 1301 2768 sumatur
1318 2700 1405 2765 tineo
1424 2702 1476 2768 ΒΡ
1489 2720 1565 2767 cou-

398 2815 561 2894 tingenter
585 2815 617 2875 in
641 2812 670 2877 N
689 2818 801 2876 secta:
824 2818 856 2874 et
879 2828 980 2890 quum
1001 2811 1165 2875 rationem
1189 2811 1287 2875 hebet
1307 2816 1449 2893 utruque
1467 2811 1561 2878 simut

395 2923 459 2998 BC,
478 2922 534 2987 NP
557 2921 599 2984 cd
622 2920 686 2995 NS,
709 2920 795 2984 itanc
818 2920 938 2987 habeut
961 2937 1064 2984 conus
1084 2920 1124 2984 od
1145 2922 1198 2996 Χ.;
1220 2928 1252 2985 ot
1271 2921 1562 2989 circumscribatur

399 3033 551 3097 similiter
566 3051 651 3095 cono
668 3032 785 3113 tigurn,
808 3048 827 3094 a
846 3048 910 3111 quo
927 3031 1045 3094 minori
1066 3032 1250 3111 quantitate
1266 3039 1452 3112 superetur,
1468 3050 1563 3115 quam

396 3143 438 3205 sit
463 3141 603 3205 sniitium
628 3141 679 3203 X:
702 3145 735 3203 ct
760 3138 869 3214 tinea,
891 3154 974 3217 quae
998 3135 1092 3200 inter.
1107 3136 1195 3202 iitius
1218 3142 1367 3207 centrum
1393 3139 1564 3220 gravitatis

397 3258 429 3313 et
454 3252 477 3317 C
501 3249 732 3329 intercipitur,
755 3248 862 3310 minor
885 3246 928 3309 sit
952 3246 1024 3326 ipsa
1047 3243 1111 3309 NP.
1136 3244 1184 3310 Sit
1203 3245 1273 3327 jam
1297 3245 1564 3327 circumscripte.

397 3361 492 3441 cujus
514 3364 663 3423 centrum
687 3357 729 3420 sit
747 3354 797 3420 0:
821 3355 884 3418 erit
902 3354 1028 3434 reliquo
1043 3352 1101 3419 ΟΒ
1128 3354 1235 3436 major
1257 3354 1329 3434 ipsa
1346 3352 1421 3427 NS;
1438 3358 1473 3417 et
1491 3354 1563 3436 quia

399 3478 434 3533 ut
458 3478 596 3548 utruque
629 3466 727 3535 simui
751 3466 826 3538 BC,
849 3466 904 3531 ΡΝ
920 3465 961 3528 ad
986 3463 1049 3538 NS,
1073 3464 1120 3528 itu
1143 3480 1246 3527 conus
1267 3463 1309 3526 ud
1333 3463 1385 3531 X:
1410 3480 1561 3529 excessus

399 3595 490 3648 vero,
511 3594 576 3657 quo
597 3593 701 3638 conns
724 3592 744 3637 a
766 3574 1019 3654 circumscripta
1042 3577 1238 3654 superatur,
1262 3572 1369 3636 minor
1392 3578 1443 3638 est
1467 3590 1563 3656 quom

401 3686 451 3750 X:
476 3685 547 3765 ipse
572 3697 651 3747 vero
674 3681 729 3747 ΒΟ
746 3684 852 3746 minor
867 3689 1037 3763 estquam
1055 3687 1195 3761 utruque
1213 3681 1312 3746 simui
1326 3680 1481 3755 titt-rit:
1497 3683 1564 3764 ipsu

398 3793 590 3860 antemon
614 3794 719 3877 major
737 3809 836 3873 quam
861 3791 932 3858 SN:
956 3810 1059 3860 conus
1083 3792 1184 3873 igitur
1206 3791 1251 3855 ed
1273 3790 1417 3873 reliquas
1443 3794 1565 3875 portio·

400 3923 467 3979 nes,
489 3905 607 3986 quibus
630 3922 650 3967 a
672 3902 924 3983 circumscripta
946 3905 1133 3982 superatur,
1158 3902 1262 3966 mutto
1286 3902 1449 3985 majorem
1464 3903 1565 3969 mtto·

400 4034 475 4079 nem
500 4015 652 4089 habehit,
674 4031 774 4094 uuam
798 4012 854 4077 ΒΟ
875 4012 919 4076 ad
950 4010 1019 4077 ΟΒ.
1046 4012 1172 4075 Hubert
1200 4013 1363 4076 rationem
1385 4012 1481 4077 itiam
1505 4011 1566 4077 ΜΟ

400 4125 443 4189 ud
465 4124 551 4189 (th
568 4124 631 4187 erit
655 4121 721 4188 uo
745 4123 850 4205 major
872 4123 944 4201 ipsu
968 4123 1042 4195 BG3
1065 4127 1098 4186 et
1121 4122 1156 4189 M
1179 4121 1242 4186 crit
1268 4127 1421 4185 centrum
1457 4122 1567 4204 grovi-

401 4234 479 4296 tutis
496 4233 694 4312 portionum,
704 4232 822 4312 quibus
839 4248 942 4293 conus
956 4247 975 4293 c
991 4231 1241 4312 circumscripta
1260 4236 1436 4311 superatur
1451 4230 1566 4313 figura,

401 4341 487 4421 quod
510 4347 561 4403 est
583 4341 826 4403 inconveniens.
851 4339 924 4405 Non
940 4345 990 4402 est
1005 4332 1085 4422 ergo
1103 4340 1279 4421 gravitatis
1295 4345 1449 4404 ceutmm
1467 4341 1566 4421 ipsius

400 4450 474 4511 coni
495 4467 592 4529 supra
610 4455 766 4527 punctum
790 4449 835 4520 C;
859 4448 914 4511 sed
935 4466 1038 4531 nequo
1057 4448 1155 4522 inire,
1172 4455 1207 4512 ut
1225 4455 1394 4513 ostensum
1413 4457 1473 4521 est,
1488 4468 1565 4533 ergo
1608 4534 1611 4538 Ι

401 4558 464 4621 erit
487 4558 593 4636 ipsum
617 4557 652 4621 C.
676 4558 718 4621 Et
742 4558 829 4621 idcnr
844 4558 959 4622 eodem
980 4577 1112 4641 prorsus
1133 4559 1230 4623 modo
1247 4560 1279 4623 in
1301 4559 1474 4640 pyramide
1486 4577 1564 4641 quo·

400 4683 541 4746 cumque
565 4668 854 4732 deruonstrabitur.
