3925 5784
623 725 795 773 urrunnun
820 728 899 774 lune
924 729 1076 775 crunnum
1098 729 1231 786 curere.
1446 713 1508 780 281

342 846 406 910 ΝΜ
423 846 615 921 consistere,
640 855 672 910 ct
696 847 737 910 ed
763 849 856 912 basin
879 847 955 912 coni
976 848 1082 930 magis
1099 848 1255 911 accedere
1269 850 1406 929 quum-S
1428 869 1513 931 pun-

341 962 442 1026 ctum,
466 954 737 1036 circumscriptae
762 972 841 1020 vero
866 958 1043 1037 gravitatis
1061 962 1210 1019 centrum
1227 956 1379 1020 similiter
1395 958 1429 1020 in
1449 978 1513 1022 exe

340 1062 406 1126 ΝΜ
427 1080 511 1136 esse,
532 1070 564 1126 et
589 1065 704 1128 vertici
730 1068 942 1149 propinquius
965 1084 1064 1148 quam
1089 1067 1132 1129 sit
1156 1066 1186 1130 S.
1211 1067 1418 1148 intelligutur
1444 1072 1508 1133 ite-

338 1190 401 1252 qne
424 1159 584 1254 inscripta
603 1173 709 1255 figura
733 1191 774 1237 ex
799 1173 969 1258 cylindris,
990 1193 1128 1255 qnorum
1154 1194 1231 1240 axes
1256 1177 1326 1246 MC,
1351 1180 1420 1253 CB,
1446 1181 1511 1252 BE,

338 1282 396 1346 ΕΑ
422 1282 576 1362 aequales¹
611 1283 688 1346 sint.
724 1284 853 1347 Primus
879 1284 991 1365 itaque
1013 1284 1193 1365 cylindrus.
1217 1286 1314 1367 cujus
1338 1289 1411 1350 exis
1437 1289 1509 1362 MC,

339 1389 381 1452 ad
405 1389 606 1473 cylindrum,
629 1391 725 1473 cnjus
745 1394 818 1456 exis
843 1392 918 1467 CB,
940 1393 1080 1457 eundem
1104 1394 1204 1458 hebot
1227 1397 1387 1460 rationem
1405 1407 1514 1478 qusni-

338 1517 399 1563 sua
432 1498 524 1564 basis
561 1500 603 1564 ad
642 1502 738 1566 busin
772 1501 910 1567 ulterius
949 1499 1048 1587 (sunt
1087 1506 1176 1567 enim
1211 1522 1325 1568 eorum
1362 1507 1513 1570 altitudi-

339 1629 397 1676 nes
421 1610 622 1698 neqneles);
642 1612 724 1677 naec
761 1619 872 1678 eutem
896 1613 982 1676 ratio
1004 1614 1119 1677 cedem
1143 1621 1194 1677 est
1215 1615 1268 1689 ei,
1291 1633 1389 1695 qoem
1414 1616 1512 1680 nabet

338 1721 538 1802 quadratum
564 1719 619 1786 CN
644 1720 685 1784 ed
708 1721 908 1803 quadratum
937 1722 1003 1787 NB.
1025 1721 1083 1785 -lit
1117 1721 1270 1786 similiter
1301 1723 1512 1796 ostendetur,

326 1830 536 1911 cylindrum,
560 1830 656 1911 cnjus
679 1829 753 1893 axis
775 1829 840 1901 Gli,
862 1830 904 1893 nd
927 1828 1126 1910 cylindrum,
1146 1830 1242 1909 cujus
1261 1829 1335 1892 inis
1352 1789 1514 1903 Bidino-

339 1938 414 2002 dem
437 1938 561 2002 hebere
578 1938 739 2003 rationem
759 1956 859 2020 quem
878 1940 1077 2019 quadratum
1096 1935 1150 2000 ΒΝ
1165 1937 1206 2000 ed
1223 1940 1420 2017 quadratum
1446 1939 1515 2011 NE.

338 2047 517 2112 cilindrnm
538 2065 628 2121 vero,
645 2049 741 2129 cuius
765 2048 839 2112 nxis
863 2048 927 2122 BE,
946 2047 990 2111 erl
1005 2047 1193 2128 cylindrum
1216 2048 1424 2112 circensem
1442 2048 1511 2121 El,

337 2174 422 2232 eam,
447 2174 548 2238 quam
577 2159 655 2222 ebes
682 2156 881 2238 quadratum
918 2156 976 2221 EN
1011 2155 1055 2218 ad
1083 2155 1281 2237 quadratum
1317 2155 1402 2230 ΝΔ;
1434 2169 1513 2222 sunt

337 2272 450 2331 entem
474 2265 579 2329 lineae
604 2264 676 2338 NG,
695 2264 760 2332 NB.
786 2264 854 2334 NE.
878 2263 937 2328 ΝΑ
962 2281 1033 2328 sese
1055 2263 1237 2343 aequaliter
1255 2266 1464 2339 excedentes,
1478 2271 1513 2328 et

338 2391 454 2440 earnm
490 2389 647 2438 excessus
681 2381 865 2455 aequentur
899 2375 1081 2447 minimus,
1108 2391 1225 2455 nempe
1248 2375 1309 2456 ipsi
1333 2374 1404 2440 Nu.
1428 2375 1512 2440 Sunt

339 2484 442 2567 igitur
463 2484 708 2567 magnitudines
731 2484 906 2567 quaedum,
931 2501 1047 2566 nempe
1080 2484 1230 2566 inscripti
1252 2484 1407 2565 cylindri,
1436 2502 1511 2548 enm

338 2596 424 2657 inter
446 2609 483 2657 se
505 2601 744 2675 consequenter
767 2595 929 2658 rationem
953 2596 1135 2669 hebentes,
1155 2612 1255 2676 quum
1278 2595 1442 2676 qmdrstn
1471 2595 1513 2658 li·

340 2721 483 2769 nesrum·
502 2711 575 2769 'sese
597 2705 779 2786 aequaliter
802 2704 1045 2777 excedentium,
1064 2709 1096 2768 et
1113 2721 1255 2785 quarum
1273 2721 1429 2770 excessus
1448 2704 1514 2768 mi-

339 2814 447 2880 nimae
470 2820 652 2896 nequatur:
692 2819 832 2895 suntque
854 2814 902 2878 ite
926 2813 1077 2893 dispositi
1100 2813 1135 2877 in
1160 2812 1244 2877 libra
1275 2812 1337 2884 ul,
1373 2818 1409 2876 ut
1442 2812 1513 2875 sin-

339 2922 494 3003 gulorum
518 2926 632 2985 centro
657 2921 866 3004 gravitatum.
886 2920 919 2983 in
942 2935 994 3008 ee,
1016 2925 1048 2982 et
1070 2919 1105 2984 in
1129 2918 1296 2989 distantiis
1317 2919 1512 3000 aequalibus

339 3028 533 3092 consistent.
545 3028 608 3092 Per
620 3046 660 3101 en
678 3029 789 3111 igitur,
807 3044 892 3108 quoe
907 3043 1007 3108 supra
1024 3028 1249 3092 demonstrate
1268 3032 1354 3102 sunt,
1370 3034 1512 3101 constat,

342 3137 520 3218 gravitatis
542 3142 694 3202 centrum
718 3136 872 3202 omnium·
896 3138 943 3202 itu
970 3137 1230 3217 compositorum
1254 3137 1373 3202 librum
1398 3137 1437 3203 Tl
1461 3137 1509 3202 itu

339 3227 505 3320 dividere,¹
521 3253 558 3311 ut
582 3266 658 3329 pors
682 3266 796 3313 versus
821 3251 846 3312 T
868 3251 911 3312 sit
932 3248 1038 3330 major
1053 3265 1154 3328 quam
1173 3247 1271 3330 tripla
1287 3248 1443 3328 reliques.
1462 3247 1507 3314 su

338 3355 396 3420 hoc
419 3359 575 3421 centrum
598 3357 649 3433 05
673 3366 723 3423 est
745 3375 830 3440 ergo
848 3357 903 3423 TO
927 3358 1034 3439 major
1055 3375 1155 3439 quum
1192 3357 1289 3440 triple
1324 3357 1428 3438 ipsius
1456 3355 1509 3422 ot.

340 3466 461 3530 Verum
486 3465 543 3531 ΤΝ
567 3466 666 3549 tripla
689 3475 739 3531 est
762 3467 804 3531 ad
827 3467 900 3539 lll;
923 3483 1004 3546 ergo
1027 3473 1094 3530 totu
1119 3463 1184 3530 ΜΟ
1204 3467 1311 3530 minor
1328 3466 1392 3530 erit
1407 3484 1508 3547 quem

340 3591 411 3654 pars
435 3582 555 3657 quarta
580 3576 681 3639 totins
704 3576 780 3649 MN,
796 3576 893 3658 cujus
912 3574 970 3640 MS
991 3591 1066 3656 pers
1085 3581 1204 3654 quarm
1221 3574 1328 3655 positu
1347 3580 1407 3637 ost.
1422 3574 1510 3642 Gon·

340 3692 402 3750 stat
423 3702 516 3769 ergo,
540 3687 672 3767 signnm
695 3685 724 3752 0
747 3686 817 3751 basi
833 3686 907 3750 coni
925 3685 1033 3766 magis
1047 3685 1204 3748 accedere
1219 3701 1317 3765 quern
1334 3684 1367 3750 S.
1385 3686 1508 3749 Verum

339 3797 376 3860 sit
396 3795 472 3879 iem
494 3796 749 3879 circumscripte
772 3795 882 3879 ligura
903 3801 1061 3859 constans
1083 3810 1125 3858 ex
1147 3793 1329 3874 cylindris,
1365 3809 1505 3871 qnorum

338 3903 514 3981 exessu,
538 3902 602 3980 CB,
626 3906 692 3981 lili,
714 3906 784 3979 ΕΑ,
807 3904 864 3970 ΑΝ
889 3906 974 3968 inter
998 3923 1033 3969 se
1055 3905 1121 3968 sint
1142 3904 1298 3984 ecqunles
1314 3901 1507 3976 ;.similiter,

339 4017 371 4076 ut
406 4012 450 4080 de
481 4012 660 4095 inscriptis,
682 4014 888 4090 ostendetur,
911 4031 982 4077 esse
1005 4014 1091 4076 inter
1113 4029 1147 4078 sc
1169 4011 1258 4074 sicut
1278 4010 1441 4091 quudrnta
1464 4012 1523 4076 ii-'

335 4129 476 4185 neurnnt
499 4121 589 4198 ΜΝ,
612 4122 680 4197 NG,
703 4122 782 4195 BN,
804 4122 874 4197 ΝΕ,
896 4122 954 4187 ΑΝ
966 4169 975 4197 ,
1002 4139 1088 4203 quae
1110 4138 1186 4186 sese·
1202 4119 1385 4200 aequaliter
1405 4135 1506 4188 exce·

332 4232 429 4306 dunt,
451 4247 670 4313 excessusque
687 4236 850 4313 nequatur
866 4232 1024 4314 minimae
1040 4229 1121 4303 ΔΝ;
1144 4245 1247 4310 quere
1266 4245 1322 4308 per
1343 4228 1505 4306 praemis·

328 4352 418 4414 sem,
436 4342 588 4404 centrum
606 4340 780 4422 gravitatis
791 4343 942 4404 omnium
959 4340 1189 4423 cylindrorum
1202 4340 1247 4402 ite
1259 4336 1506 4417 dispositorum,

329 4446 423 4527 qnod
446 4447 491 4511 sit
509 4449 554 4525 Ν,
576 4447 695 4514 libram
719 4450 764 4514 lil
786 4451 834 4513 sic
858 4449 994 4524 diridet,
1013 4453 1054 4513 ut
1079 4465 1154 4531 pars
1179 4464 1293 4513 versus
1315 4446 1366 4522 R,
1389 4463 1506 4527 nempe

332 4553 394 4620 RV
407 4593 420 4631 ,·
453 4555 599 4637 reliques
633 4557 678 4621 vl
699 4545 755 4622 ¹sit
778 4556 887 4638 maior
908 4574 1014 4637 quam·
1034 4556 1153 4637 triplaz
1178 4554 1233 4620 TV
1258 4571 1337 4618 vero
1358 4554 1504 4636 ejusdem

331 4665 446 4728 minor
467 4664 530 4728 erit
553 4682 654 4746 quem
679 4666 788 4746 tripla.
818 4665 880 4730 Sed
903 4665 960 4730 ΝΤ
984 4666 1083 4746 tripla
1106 4670 1158 4728 cst
1181 4664 1285 4745 ipsius
1308 4663 1381 4735 lM;
1404 4663 1505 4742 igitur

332 4775 403 4838 totu
428 4772 494 4838 VM
519 4771 627 4854 muJ‘or
650 4779 699 4837 est
722 4791 822 4855 quem
837 4791 922 4854 pers
946 4780 1065 4854 quartu
1091 4773 1191 4838 totius
1215 4772 1303 4844 ΜΝ,
1327 4772 1422 4850 cujus
1444 4768 1504 4834 MS

459 4879 588 4934 liturnno
607 4878 734 4933 (inurunt.
755 4910 788 4919 -
808 4880 839 4932 'l'.
862 4879 943 4933 Xlll.
1386 4881 1419 4928 :iti
