3925 5784
404 700 470 764 286
712 713 857 759 otatoultt
881 713 982 759 nutele
1007 712 1110 757 NUOVE
1133 711 1260 758 SGlEllle

403 843 436 900 et
460 837 557 917 tripla
581 836 658 908 DE;
678 842 710 898 et
730 835 777 898 sic
801 834 928 902 estne
953 837 995 898 ad
1019 835 1095 907 KG;
1118 852 1197 917 ergo
1221 840 1257 898 ut
1281 834 1379 915 tripla
1399 834 1503 915 ipsius
1522 833 1578 897 ΑΕ

400 944 443 1007 ad
467 944 520 1009 AC
545 961 623 1007 cum
651 943 753 1024 dupla
776 943 830 1009 Cl)
854 948 886 1005 ει
911 943 1009 1024 tripla
1033 941 1099 1010 DE,
1124 943 1171 1005 ita
1193 954 1208 1025 p
1230 942 1334 1023 ipsius
1357 942 1413 1009 AG
1433 941 1476 1004 ad
1495 941 1578 1012 KG;

400 1059 450 1118 est
472 1060 594 1125 autem.
615 1058 651 1116 ut
672 1054 770 1134 tripla
794 1054 851 1117 ΑΕ
869 1053 913 1116 ad
938 1053 1071 1134 triplam
1095 1051 1161 1126 llll,
1184 1053 1230 1116 ita
1249 1064 1264 1135 ι
1280 1052 1335 1119 AG
1354 1052 1393 1114 ad
1414 1051 1484 1124 um
1500 1069 1581 1133 ergo

403 1180 459 1243 per
475 1180 671 1227 conversam
688 1163 886 1244 vigesimam
906 1169 1058 1244 quartam
1076 1163 1194 1244 quinti,
1212 1168 1250 1228 ut
1267 1162 1365 1243 tripla
1385 1162 1443 1226 ΑΕ
1464 1160 1506 1224 ad
1524 1161 1580 1227 AG

401 1290 478 1337 oum
513 1273 613 1354 dupla
637 1272 692 1338 cn
714 1277 747 1334 et
771 1271 871 1353 tripla
894 1270 960 1345 ult,
982 1272 1030 1334 ita
1052 1284 1067 1357 p
1090 1271 1192 1351 ipsine
1216 1269 1270 1336 AC
1295 1270 1336 1334 ad
1360 1269 1442 1344 ΚΡι
1467 1273 1511 1332 -ει
1547 1274 1581 1331 ut

400 1384 581 1468 quadrupla
607 1382 664 1446 llll
690 1382 732 1445 ad
758 1381 813 1447 AC
838 1398 916 1445 cum
940 1380 1039 1462 dupla
1075 1380 1129 1447 Cll
1158 1386 1191 1443 et
1223 1380 1322 1460 tripla
1348 1378 1419 1452 llll,
1444 1378 1510 1442 lroo
1534 1384 1581 1440 est

401 1492 444 1556 ad
467 1492 522 1555 AB
546 1508 622 1555 unm
650 1488 1077 1560 centenitatem
1108 1490 1187 1555 llll:
1210 1495 1243 1553 et
1272 1488 1513 1570 permutando.
1542 1493 1578 1551 ut

400 1601 584 1685 quadrupla
608 1600 664 1664 ΑΕ
688 1599 731 1662 nd
754 1599 820 1672 AC,
843 1600 891 1663 ita
915 1601 970 1664 ΑΒ
994 1618 1072 1665 oum
1089 1600 1141 1667 CB
1165 1605 1197 1663 et
1222 1599 1276 1664 Bl)
1297 1598 1437 1671 aarum
1464 1602 1579 1661 utau-

403 1717 471 1775 tem
493 1709 547 1775 AC
571 1709 611 1772 ad
640 1708 720 1783 ΑΕ,
744 1708 792 1772 ita
815 1707 871 1772 ΑΒ
894 1710 935 1771 ad
967 1711 1023 1774 ΑΒ
1053 1727 1128 1773 eum
1166 1709 1224 1777 CB·
1254 1714 1287 1772 ει
1321 1708 1398 1781 BD:
1427 1725 1509 1790 ergo
1539 1725 1579 1770 ex

403 1820 543 1901 aequali,
566 1820 600 1882 in
624 1819 834 1901 proportione
870 1820 1072 1901 perturbata,
1095 1825 1132 1883 ut
1154 1818 1337 1900 quadrupla
1361 1816 1418 1881 All
1443 1817 1486 1880 ad
1511 1815 1577 1887 All.

401 1930 448 1992 ita
483 1929 538 1991 ΑΒ
571 1926 712 1991 adlll'.
738 1926 848 2005 Quare
882 1933 1033 2002 constat,
1067 1926 1125 1992 lll'
1155 1933 1307 2008 quartam
1342 1942 1412 1989 esse
1450 1930 1577 2007 partem

402 2038 509 2118 ipsius
534 2037 598 2100 ΑΒ.

863 2212 1049 2275 Pnorosrrro
1072 2212 1111 2275 x.

449 2411 451 2419 ,
490 2367 716 2451 cojuscunque
738 2370 836 2449 [rusti
854 2370 1040 2453 pyramidis,
1056 2388 1111 2434 reo
1125 2370 1197 2435 roni
1217 2370 1313 2452 pinno
1331 2370 1400 2433 loti
1418 2368 1568 2451 aequidi-

399 2479 599 2553 atoutereeti,
614 2487 758 2543 neutrum
781 2478 949 2559 pravitatis
973 2479 1009 2542 in
1031 2496 1092 2543 ome
1116 2479 1269 2552 consistit,
1293 2494 1427 2561 eumque
1451 2478 1500 2541 ito
1522 2479 1572 2541 m·-

399 2583 478 2647 vtdr't
499 2594 535 2648 ut
555 2603 630 2666 porr
659 2603 768 2651 aereos
801 2588 954 2651 minorem
991 2587 1082 2651 lotio
1104 2587 1148 2649 aa
1169 2587 1326 2669 reliquam
1348 2587 1389 2650 rit
1413 2595 1453 2650 ot.
1475 2587 1570 2669 triplo

399 2693 530 2775 majoris
544 2694 624 2759 turta
642 2713 713 2759 rom
728 2697 829 2778 spolio
844 2696 938 2777 dupio
951 2695 1045 2760 medii
1058 2697 1249 2779 geometrici
1265 2698 1349 2761 inter
1365 2697 1458 2760 tosio
1471 2696 1570 2777 moio-

400 2820 465 2867 rem
487 2811 516 2866 et
534 2804 685 2870 minorem
703 2823 771 2869 ouo
794 2824 865 2869 oum
890 2806 956 2870 bosi
978 2806 1105 2880 minori,
1130 2805 1171 2871 od
1194 2805 1322 2888 triplam
1337 2806 1470 2870 minoris
1492 2805 1570 2869 botis

400 2930 472 2976 cnm
493 2912 595 2977 eodem
617 2913 710 2996 duplo
732 2914 827 2994 spotti
849 2914 942 2978 medii
964 2931 1002 2977 oo
1025 2931 1093 2978 noo
1115 2932 1186 2978 oum
1210 2913 1278 2977 tori
1300 2913 1425 2995 mojori.

490 3027 517 3087 A
541 3042 625 3088 eono
651 3025 699 3087 vel
726 3024 906 3106 pyramide,
930 3024 1025 3107 cnjus
1049 3024 1122 3088 axis
1146 3025 1204 3089 ΑΙ)
1229 3021 1323 3110 (Fip.
1342 3022 1451 3108 lto),
1475 3041 1567 3088 seue·

399 3141 451 3196 tur
475 3134 572 3215 plano
595 3135 665 3199 basi
690 3135 931 3216 aequidistante
953 3134 1106 3211 frustum,
1130 3137 1224 3218 cujus
1246 3136 1320 3199 axis
1337 3134 1405 3205 Vll,
1419 3139 1453 3197 et
1470 3150 1566 3215 qnam

289 3283 292 3289 -
398 3244 559 3307 rationem
583 3242 682 3307 habet
708 3244 805 3324 tripla
831 3244 997 3308 maximae
1019 3245 1109 3308 basis
1132 3262 1207 3308 eum
1232 3244 1332 3326 dupla
1364 3243 1517 3315 mediae,
1539 3247 1567 3305 et

399 3352 549 3424 minima,
571 3353 613 3416 ad
636 3352 769 3433 triplam
794 3354 950 3416 minimae
972 3371 1050 3416 eum
1074 3352 1175 3433 dupla
1194 3352 1332 3426 mediae,
1350 3356 1384 3414 ει
1409 3351 1567 3421 maxima,

398 3460 486 3522 hano
508 3460 629 3524 habeat
653 3461 711 3525 VO
734 3463 775 3525 ad
792 3461 858 3527 Ol).
881 3460 1130 3527 Ostendendum
1154 3468 1213 3538 est,
1237 3461 1432 3527 Ooentrnm
1454 3461 1566 3544 gravi·

400 3568 478 3630 tatis
493 3567 589 3633 frusti
612 3569 763 3633 existere.
787 3569 835 3634 Sit
859 3570 924 3634 Vlll
946 3576 1064 3651 quarta
1089 3589 1162 3653 pars
1187 3572 1290 3653 ipsius
1316 3570 1383 3636 Vl).

488 3680 681 3761 Exponatur
702 3679 789 3742 linea
808 3680 869 3743 Hx
891 3680 952 3761 ipsi
977 3681 1035 3745 ΑΙ)
1058 3681 1216 3762 aequalis,
1239 3682 1346 3762 sitque
1361 3681 1424 3745 llll
1440 3696 1562 3762 aequu-

398 3791 439 3855 lis
463 3791 533 3865 AV,
555 3791 701 3870 ipsarum
724 3807 804 3853 vero
827 3791 909 3865 llll,
932 3792 995 3855 llll
1020 3792 1115 3856 tertia
1151 3789 1404 3873 proportionalis
1428 3792 1473 3854 sit
1499 3790 1562 3862 xl.

396 3906 428 3963 ει
444 3904 562 3981 quarta
576 3898 695 3963 XS:-et
713 3916 812 3978 qnam
832 3900 993 3963 rationem
1008 3900 1107 3964 habet
1125 3900 1178 3965 HS
1193 3900 1236 3963 ad
1256 3898 1424 3973 SX,l1ane
1443 3897 1563 3963 habeat

307 4085 310 4090 ,
397 4009 463 4075 Mo
481 4009 523 4073 ad
545 4008 668 4073 lineam
691 4014 857 4090 sumptam
880 4010 923 4073 ab
945 4007 974 4073 0
998 4027 1111 4074 versus
1135 4014 1174 4082 Α,
1190 4026 1273 4091 quae
1290 4010 1333 4074 sit
1348 4007 1423 4081 ΟΝ;
1439 4013 1474 4071 ει
1489 4010 1562 4091 qnia

397 4120 504 4202 major
517 4119 606 4184 basis
622 4120 665 4183 ad
682 4136 768 4193 eam,
783 4136 867 4200 quae
884 4121 970 4182 inter
985 4120 1143 4201 majorem
1163 4124 1195 4183 ει
1214 4120 1376 4183 minorem
1391 4124 1442 4183 est
1456 4118 1561 4183 media

397 4228 671 4308 proportionalis,
693 4233 764 4304 est,
787 4235 823 4292 ut
847 4229 904 4292 DA
927 4229 967 4292 ad
992 4232 1072 4303 AV,
1094 4230 1157 4293 hoc
1181 4235 1240 4305 est,
1266 4237 1301 4294 ut
1325 4231 1386 4294 ΗΧ
1410 4230 1452 4293 ad
1477 4231 1559 4303 llll3

396 4334 485 4399 diota
518 4343 630 4402 autem
664 4337 772 4400 media
797 4338 837 4401 ad
862 4338 1023 4402 minorem
1047 4345 1118 4415 est,
1143 4346 1177 4402 nt
1201 4339 1263 4403 llll
1287 4339 1329 4403 ad
1359 4340 1430 4403 XL:
1467 4345 1561 4403 erunt

396 4445 512 4527 major,
536 4447 643 4531 media
665 4452 698 4510 et
723 4447 829 4512 minor
851 4448 940 4511 basis
955 4448 989 4511 iu
1014 4448 1128 4511 eadem
1152 4449 1290 4525 ratione,
1311 4466 1349 4512 ae
1365 4450 1473 4514 lineae
1490 4451 1561 4520 ΗΧ,

395 4552 468 4627 ΧΚ,
492 4554 559 4616 XL.

482 4661 592 4744 Quare
616 4669 652 4729 nt
675 4668 771 4746 tripla
795 4669 930 4751 majoris
954 4670 1042 4733 basis
1063 4688 1139 4734 eum
1163 4670 1263 4751 dupla
1288 4671 1415 4734 mediae
1439 4676 1472 4736 et
1496 4672 1558 4735 mi·

394 4771 495 4850 nima,
519 4773 560 4836 ad
587 4775 716 4856 triplam
737 4777 893 4841 minimae
913 4796 988 4841 oum
1011 4778 1110 4859 dupla
1131 4778 1258 4842 mediae
1274 4785 1304 4843 et
1322 4780 1483 4857 maxima,
1497 4780 1557 4843 lroe
