3925 5784
774 738 927 785 stantuna
952 739 1085 795 otmunt.

652 920 824 983 Pnoonunn
850 921 889 993 V,
911 918 1099 982 Pnooosrrro
1122 919 1206 983 xlv.

434 1085 652 1162 Altitudiues,
682 1094 777 1169 atque
799 1086 1005 1149 sublimitates
1031 1085 1354 1167 semiparabolarum,
1378 1103 1517 1168 auarum

349 1198 567 1280 amplitudines
581 1197 727 1279 aequales
743 1196 871 1276 suturae
886 1197 963 1272 sint,
978 1213 1035 1277 per
1049 1195 1188 1277 siupulos
1205 1196 1384 1260 elevationis
1398 1196 1516 1277 produt

355 1306 499 1387 reperire.
1190 1365 1193 1370 .

431 1413 522 1479 Haeo
546 1414 660 1477 omnia
683 1412 773 1477 laoili
797 1413 930 1495 negotio
951 1430 1204 1494 consequemur.
1227 1414 1338 1478 Posito
1357 1414 1447 1477 enirn
1464 1430 1518 1477 se·

345 1521 568 1605 niparabolae
602 1522 821 1604 amplitudine
857 1523 1000 1603 partium
1024 1540 1153 1604 semper
1189 1522 1331 1597 10000,
1356 1523 1516 1587 medietas

348 1634 511 1716 tangentis
530 1632 707 1716 oojuslibet
728 1634 850 1716 gradus
869 1632 1064 1697 elevationis
1083 1632 1293 1696 altitudinem
1312 1631 1456 1696 exhibet.
1472 1630 1516 1696 Ut

343 1741 484 1823 exempli
502 1741 621 1823 gratie,
640 1740 911 1821 semiparabolae,
926 1738 1024 1821 eujus
1040 1740 1181 1803 elevatio
1201 1740 1245 1804 sit
1263 1758 1311 1823 gr.
1329 1739 1383 1813 30,
1395 1739 1516 1821 ampli·

345 1850 424 1914 tudo
447 1867 550 1926 vero,
574 1856 611 1913 ut
635 1850 789 1931 ponitur,
814 1849 958 1930 partium
986 1847 1126 1924 10000,
1150 1848 1293 1911 altitudo
1322 1848 1385 1912 erit
1409 1846 1520 1923 2887,

347 1965 437 2022 tanta
461 1957 550 2021 enim
575 1966 623 2021 est
647 1958 797 2038 proxime
812 1957 972 2021 medietas
990 1956 1164 2037 tangentis.
1181 1956 1318 2019 inventa
1336 1958 1450 2018 autem
1470 1954 1521 2018 al·

347 2066 502 2143 titudine,
524 2066 765 2131 sublimitatem
788 2066 958 2129 eliciamus
981 2064 1040 2129 tali
1067 2070 1173 2146 paeto.
1196 2064 1279 2130 Cum
1309 2064 1521 2130 demonstra·

346 2181 413 2239 tum
438 2176 482 2240 sit
506 2174 679 2239 dimidiam
704 2175 956 2256 amplitudinem
981 2173 1242 2256 semiparabolae
1270 2174 1414 2238 mediam
1449 2192 1520 2239 esse

347 2284 625 2365 proportionalem
649 2283 736 2346 inter
758 2281 968 2346 altitudinem
992 2289 1025 2346 ot
1048 2284 1295 2359 sublimitatem,
1313 2285 1422 2365 sitque
1441 2286 1520 2349 alti·

346 2394 424 2458 todo
444 2391 517 2475 jam
540 2399 680 2473 reperta,
704 2391 864 2457 medietas
888 2409 968 2455 vero
991 2392 1220 2474 amplitudinis
1244 2408 1371 2473 semper
1389 2391 1521 2467 eadem,

346 2503 489 2585 partium
514 2501 641 2566 scilieet
670 2501 779 2578 5000,
803 2502 829 2564 si
854 2499 955 2584 huius
978 2499 1177 2582 quadratum
1214 2517 1271 2581 per
1304 2500 1516 2565 altitudinem

345 2611 457 2675 datam
482 2608 708 2685 diviserimus,
730 2609 919 2674 sublimitas
943 2610 1094 2690 quaesita
1117 2616 1268 2692 exurget.
1294 2609 1337 2674 Ul
1353 2609 1388 2672 in
1404 2627 1519 2676 exem-

346 2726 406 2806 plo.
431 2722 584 2787 Altitudo
606 2729 736 2805 reperta
761 2722 823 2786 tuit
846 2722 944 2787 2887.
964 2722 1172 2801 Quadratum
1198 2723 1344 2804 partium
1365 2722 1452 2787 5000
1469 2730 1520 2790 ast

345 2832 662 2913 25,000,000,00011
682 2832 828 2898 divisum
852 2850 911 2914 per
929 2831 1196 2897 obtinuisses
1216 2833 1365 2913 proxime
1384 2851 1443 2914 pro
1463 2850 1524 2897 sn·

343 2943 513 3009 blimitate
532 2943 692 3024 quaesita.

437 3163 536 3231 Snuv.
558 3162 607 3229 01
628 3164 685 3245 qui
710 3164 737 3228 si
764 3166 845 3229 vede
877 3164 1143 3246 primieramente
1166 3181 1260 3228 aomo
1294 3160 1312 3227 0
1348 3159 1523 3228 verissimo

343 3276 366 3339 il
392 3278 550 3339 aonaetto
573 3280 754 3338 acaenuato
777 3274 810 3337 di
841 3292 950 3356 sopra,
973 3275 1035 3339 0110
1058 3274 1143 3337 nelle
1166 3273 1295 3339 diverse
1324 3274 1520 3349 elevazioui,

341 3388 473 3467 quanto
498 3378 555 3465 piis
579 3383 607 3447 si
630 3383 843 3447 altontanauo
866 3383 953 3447 dalla
977 3383 1098 3457 media,
1120 3402 1142 3448 ο
1164 3384 1213 3448 sia
1238 3384 1322 3448 00110
1342 3378 1399 3465 piir
1419 3382 1524 3447 alteo

340 3492 430 3556 nelle
455 3487 514 3574 piis
536 3493 643 3567 basse,
667 3495 759 3555 lauto
782 3491 809 3555 si
834 3492 962 3555 rioeroa
986 3493 1157 3575 maggiore
1180 3494 1305 3573 impeto
1328 3509 1346 3554 e
1371 3492 1523 3556 violenaa

341 3619 403 3683 per
419 3601 556 3666 eaeciar
578 3601 603 3664 il
619 3600 760 3682 projetto
779 3601 868 3665 nella
883 3601 1065 3668 medesima
1082 3603 1289 3668 lontauanza.
1307 3598 1522 3685 Imperoaalrb

341 3707 558 3773 consistendo
580 3707 601 3770 1’
614 3708 738 3789 impeto
762 3708 850 3772 uella
874 3708 1028 3773 mistione
1050 3708 1103 3772 dei
1127 3708 1193 3774 dua
1209 3711 1302 3784 moti,
1320 3708 1525 3773 orizzoutale

343 3818 501 3901 0001111110
524 3835 543 3880 0
566 3818 837 3899 perpendiaolnre
860 3818 1106 3882 naturalmeute
1130 3820 1326 3893 accelerato,
1349 3820 1401 3883 del
1425 3819 1523 3899 quale

343 3933 472 4014 impeto
494 3930 591 3997 vieno
614 3931 657 3994 ad
680 3946 770 3994 esser
790 3930 918 3994 misuro
941 3925 1522 4013 10001000101101101101100110110

343 4032 542 4114 sublimitd,
566 4038 677 4104 vadosi
702 4039 790 4102 dalla
816 4044 969 4120 proposta
1004 4039 1117 4105 tavola
1139 4038 1207 4102 tale
1228 4044 1409 4120 aggregato
1432 4054 1523 4102 esser

344 4149 488 4213 minimo
510 4147 586 4212 nell’
600 4149 790 4213 elevazione
813 4149 845 4213 di
870 4168 918 4232 gr.
942 4148 1113 4222 45,11010
1135 4148 1156 4212 1’
1169 4148 1294 4212 altezza
1316 4164 1335 4209 e
1359 4148 1392 4211 la
1415 4146 1522 4211 subli-

348 4254 432 4323 mitb
456 4275 539 4323 sono
562 4258 682 4342 eguali,
707 4256 780 4323 eiob
803 4258 890 4324 5000
909 4257 1156 4334 oiaselreduna3
1180 4276 1198 4322 e
1222 4258 1435 4341 l’aggregato
1452 4256 1525 4321 loro

354 4367 483 4443 10,000.
518 4366 587 4433 cue
610 4384 644 4430 se
668 4368 722 4430 noi
746 4369 959 4432 00101101οω0
985 4366 1028 4431 ad
1056 4367 1142 4430 altra
1172 4370 1342 4448 maggiore
1375 4364 1526 4439 alterna,

353 4492 447 4539 come
471 4492 529 4557 per
551 4474 698 4556 esempio
721 4475 754 4539 di
781 4494 829 4558 gr.
842 4475 896 4552 50,
920 4481 1106 4541 troveremo
1130 4476 1288 4539 l'altezza
1312 4491 1401 4539 esser
1424 4474 1524 4549 5050,

355 4600 372 4645 e
393 4583 427 4647 la
450 4577 622 4648 sublimitb
645 4581 756 4661 4100,
779 4586 841 4648 0110
865 4585 970 4666 giusti
996 4586 1132 4650 insieme
1155 4603 1327 4650 summano
1354 4585 1472 4650 10155.
1495 4585 1524 4649 Ε

355 4697 443 4756 tauto
467 4697 655 4756 troveremo
679 4694 862 4774 parimente
885 4711 974 4758 esser
997 4693 1152 4775 l'impeto
1175 4695 1208 4758 di
1235 4714 1284 4777 gr.
1307 4695 1362 4770 40,
1385 4693 1522 4759 essendo

359 4806 467 4880 mesta
487 4819 505 4863 e
529 4802 639 4883 quella
663 4803 853 4867 elevatione
883 4805 1091 4887 agualmente
1116 4805 1248 4870 lontano
1277 4805 1364 4870 dalla
1402 4801 1521 4867 media.
