3925 5784
863 706 1015 756 oronnam
1041 709 1175 765 quirnea.
1230 731 1237 742 ·
1533 692 1598 759 239

425 825 686 907 Superveniente
712 843 791 891 vero
814 843 894 892 casu
920 843 976 908 per
999 827 1066 900 BD,
1088 826 1221 892 conticit
1245 828 1550 903 altitudinemlll);
1567 835 1599 894 et

425 935 583 1014 parabola
621 935 671 1001 BC
705 935 923 1017 designatur,
956 934 1054 1018 cujus
1088 935 1231 1016 impetus
1263 936 1297 1000 in
1334 938 1475 1001 termino
1499 938 1523 1004 C
1550 944 1599 1003 est

424 1042 628 1122 compositus
651 1060 692 1106 ex
718 1042 884 1124 aequabili
918 1042 1156 1115 transversari,
1190 1042 1289 1125 culus
1321 1050 1526 1108 momentum
1550 1051 1600 1110 est

424 1158 461 1216 nt
486 1154 565 1226 AB,
593 1158 626 1216 et
652 1169 693 1215 ex
721 1152 827 1216 altero
854 1156 1023 1216 momento
1050 1150 1215 1232 acquisito
1237 1151 1271 1215 in
1295 1151 1454 1216 descensu
1484 1152 1540 1216 BD
1563 1153 1597 1219 in

425 1262 569 1325 termino
592 1262 620 1326 li
643 1279 700 1326 seu
724 1261 771 1333 G;
794 1278 879 1341 quae
903 1268 1070 1325 momenta
1094 1259 1247 1342 aequalia
1271 1266 1358 1326 sunt.
1384 1260 1417 1326 Si
1440 1280 1519 1345 ergo
1543 1265 1595 1326 in-

423 1370 630 1454 telligemus,
649 1370 705 1435 BA
722 1371 861 1436 alterius
884 1370 1019 1434 illorum
1035 1387 1107 1434 esse
1121 1361 1323 1446 mensuram,
1343 1376 1378 1434 ut
1394 1376 1474 1452 puta
1488 1376 1597 1436 trans·

422 1478 564 1544 versatis
588 1480 794 1561 aequabilis:
818 1480 858 1544 lll
883 1497 970 1552 vero,
996 1496 1082 1560 quae
1107 1480 1169 1562 ipsi
1194 1479 1251 1544 BD
1273 1485 1322 1545 ost
1345 1481 1502 1564 aequalis,
1524 1499 1595 1547 esse

422 1606 615 1654 mensuram
641 1589 784 1671 impetus
811 1589 968 1670 acquisiti
992 1590 1027 1653 in
1051 1587 1080 1653 D
1107 1605 1166 1654 seu
1200 1589 1247 1655 G:
1283 1590 1441 1654 subtensa
1465 1591 1507 1654 la
1530 1592 1595 1656 erit

422 1696 594 1778 quantitas
617 1700 775 1763 momenti
799 1696 975 1779 compositi
999 1715 1042 1762 ex
1065 1697 1247 1761 ambobus:
1271 1700 1336 1762 erit
1360 1716 1439 1780 ergo
1461 1701 1595 1780 quanti·

423 1812 483 1879 tas,
507 1823 567 1871 seu
592 1824 746 1871 mensura
769 1806 887 1888 integri
914 1805 1166 1886 momentique
1185 1805 1370 1888 proiectum
1387 1807 1522 1870 veniens
1539 1825 1595 1889 per

423 1914 615 1995 parabolam
639 1914 691 1981 BC
715 1916 877 1998 impetum
901 1914 979 1979 iacit
999 1915 1033 1980 in
1052 1914 1088 1982 C.
1109 1915 1167 1980 llis
1183 1915 1329 1989 retentis,
1351 1916 1537 1997 accipiatur
1559 1918 1592 1981 in

424 2024 580 2104 parabola
601 2010 771 2106 quodlibet¹
795 2029 953 2106 punctpm
971 2023 1011 2097 Ε,
1027 2023 1061 2087 in
1077 2041 1145 2104 qno
1167 2023 1207 2086 de
1231 2023 1357 2104 impetu
1382 2024 1518 2106 proiecti
1535 2025 1595 2090 de-

422 2132 668 2198 terminandum
691 2133 745 2198 sit.
768 2121 918 2198 Ducatdr
940 2130 1156 2196 horizontatis
1179 2131 1250 2205 EF,
1274 2136 1307 2194 et
1331 2132 1522 2212 accipiatur
1538 2133 1595 2202 BG

422 2236 532 2301 media
556 2238 812 2319 proportionalis
835 2239 921 2303 inter
944 2238 1011 2310 BD,
1028 2239 1090 2303 BF.
1106 2237 1381 2320 Cumqueposita
1397 2240 1440 2302 sit
1460 2240 1514 2304 ΑΒ
1532 2258 1591 2306 seu

422 2350 477 2414 BD
499 2366 573 2414 esse
597 2368 752 2417 mensura
770 2351 926 2433 temporis
942 2356 974 2415 et
991 2351 1149 2416 momenti
1167 2352 1353 2416 velocitatis
1377 2352 1411 2414 in
1433 2369 1515 2416 casu
1536 2352 1591 2418 Bl)

422 2477 462 2521 ex
478 2458 592 2540 quiete
611 2460 645 2523 in
665 2459 706 2534 B;
724 2460 787 2524 erit
808 2460 862 2526 BG
883 2470 1023 2541 tempus,
1040 2476 1098 2523 seu
1116 2477 1269 2523 mensura
1289 2462 1446 2542 temporis
1470 2464 1502 2524 et
1526 2462 1591 2524 iur-

423 2574 516 2648 petus
550 2568 585 2632 in
620 2568 666 2642 F,
702 2570 864 2638 venientis
888 2589 930 2632 ex
953 2569 989 2632 B.
1012 2567 1046 2634 Si
1071 2569 1176 2651 igitur
1199 2575 1340 2653 ponatur
1363 2567 1420 2633 ΒΟ
1443 2572 1592 2652 aequatis

424 2675 496 2750 BG,
515 2675 634 2758 iuncta
657 2677 844 2760 diagonalis
860 2676 918 2742 ΑΟ
933 2678 997 2742 erit
1012 2678 1181 2759 quantitas
1197 2680 1338 2759 impetus
1355 2680 1388 2742 in
1410 2686 1534 2761 puncto
1548 2681 1592 2755 Ε;

422 2792 467 2850 est
488 2786 581 2850 enim
604 2786 660 2851 ΑΒ
685 2786 937 2852 determinatrix
961 2789 1069 2868 posita
1092 2790 1250 2871 temporis
1272 2798 1304 2854 et
1326 2792 1470 2872 impetus
1490 2793 1524 2856 in
1543 2793 1591 2868 B,

421 2897 473 2976 qui
497 2914 680 2963 conversus
696 2899 729 2962 in
745 2897 953 2969 horizontali‚
976 2915 1105 2979 semper
1121 2906 1275 2966 servatur
1298 2898 1408 2963 idem:
1432 2899 1488 2965 Bo
1511 2919 1591 2965 vern

422 3005 616 3070 determinat
639 3007 800 3089 impetum
824 3008 857 3070 in
882 3007 906 3069 F
930 3026 988 3070 seu
1012 3008 1038 3071 E
1063 3025 1120 3088 per
1143 3009 1338 3073 descensum
1360 2996 1404 3073 cx
1428 3012 1539 3092 quiete
1555 3014 1589 3077 in

423 3119 454 3193 ll,
477 3120 512 3183 in
537 3120 718 3186 altitudine
741 3121 805 3196 BF,
829 3121 880 3186 lris
904 3128 1015 3185 autem
1040 3123 1117 3195 ΑΒ,
1143 3121 1198 3186 ΒΟ
1222 3123 1367 3203 potentia
1390 3124 1590 3206 aequipollet
1693 3125 1697 3132 '

423 3227 485 3294 AO.
509 3231 607 3296 Patet
629 3247 709 3310 ergo
731 3231 818 3311 quod
840 3232 1071 3311 quaerebatur.
1170 3291 1173 3295 ,

506 3448 604 3522 Sana.
626 3448 674 3513 La
702 3449 984 3530 contemplazione
1017 3448 1069 3514 del
1104 3451 1373 3532 componimento
1410 3451 1443 3515 di
1477 3453 1587 3534 questi

421 3558 531 3643 impeti
558 3558 703 3635 diversi,
726 3577 745 3622 e
767 3559 854 3623 della
876 3552 1029 3641 quantitd
1061 3559 1095 3623 di
1130 3559 1368 3642 quell’impeto
1388 3560 1452 3626 che
1473 3561 1517 3626 da
1544 3561 1589 3626 tat

420 3671 571 3737 mistione
595 3686 636 3733 ne
663 3668 793 3741 risulta,
817 3669 861 3734 rni
886 3670 1009 3752 gtugne
1033 3674 1126 3734 tanto
1147 3686 1260 3735 nuova
1282 3670 1346 3734 che
1368 3672 1415 3734 mi
1435 3671 1540 3734 tascie
1558 3669 1589 3732 la

417 3784 526 3847 mente
551 3779 586 3844 in
609 3796 674 3843 non
700 3778 825 3859 piccola
848 3778 1053 3843 confusione.
1076 3776 1149 3843 Non
1173 3777 1249 3845 dico
1272 3777 1359 3844 delta
1382 3779 1536 3843 mistione
1553 3779 1587 3843 di

414 3887 476 3956 due
501 3888 700 3958 monimenti
724 3886 890 3968 equabili‚
926 3882 1052 3951 benetrd
1076 3891 1127 3950 tra
1151 3888 1183 3952 di
1208 3888 1280 3952 loro
1302 3885 1489 3969 diseguall‚
1514 3886 1586 3951 fatti

409 4011 480 4067 uno
506 4016 567 4081 per
587 3998 621 4064 la
644 3999 732 4063 linea
753 3997 953 4062 orizzontale
975 4014 994 4059 e
1019 3997 1037 4058 l’
1050 3997 1137 4062 altro
1160 4014 1217 4078 per
1239 3997 1273 4061 la
1296 3994 1588 4078 perpendicnlum,

404 4111 472 4176 che
486 4109 524 4174 di
538 4107 646 4189 questi
658 4112 747 4172 resto
758 4105 977 4187 capacissimo
994 4104 1073 4170 farsi
1097 4122 1142 4168 un
1166 4111 1256 4170 moto
1269 4105 1302 4167 in
1317 4108 1453 4186 potenza
1470 4104 1587 4185 equale
1635 4188 1636 4191 Ἴ

398 4222 447 4287 ad
466 4216 637 4284 amendue
653 4217 663 4281 i
681 4216 904 4299 componenti,
921 4233 976 4280 ma
994 4216 1041 4279 mi
1055 4233 1155 4280 nasce
1178 4213 1372 4280 contusione
1387 4212 1441 4276 nel
1458 4228 1588 4275 mesco·

395 4322 560 4395 lamento
583 4326 871 4392 dell'orizznntale
894 4326 1069 4408 equabile,
1096 4342 1115 4388 e
1144 4322 1411 4407 perpendicnlum
1433 4321 1588 4385 natural-

399 4441 527 4502 menle
550 4434 746 4503 accelerato.
769 4430 854 4499 Perd
878 4435 987 4498 vorrei
1003 4433 1066 4497 che
1081 4432 1219 4497 insieme
1237 4429 1450 4513 digerissimo
1465 4429 1588 4513 meglio

393 4549 534 4629 questa
554 4543 705 4608 materia.

482 4654 574 4719 Srur.
597 4652 646 4718 Ed
671 4654 704 4717 io
728 4658 819 4717 tanto
844 4648 900 4736 piu
924 4672 965 4717 nc
987 4671 1048 4717 son
1072 4653 1263 4734 bisognnso,
1287 4658 1413 4734 quanto
1436 4652 1498 4716 che
1522 4668 1587 4714 non

398 4779 495 4829 sono
519 4779 622 4828 annor
645 4761 837 4826 totalmente
860 4763 1007 4843 quietato
1030 4762 1063 4825 di
1090 4767 1209 4837 mente,
1231 4778 1326 4825 come
1345 4761 1484 4844 bisogna
1500 4758 1586 4822 nelle
