3925 5784
817 743 968 791 oronuara
994 746 1125 801 ouanra.
1488 732 1553 795 aba

375 860 444 927 'cui
469 879 599 944 quoque
634 862 783 943 aequalia
819 872 894 927 sunt
930 863 996 927 duo
1030 865 1192 954 quadrata
1228 865 1304 938 AF,
1329 864 1391 929 FE.
1416 865 1564 949 Demptis

394 974 503 1055 itaque
526 971 697 1054 quadratis
719 970 798 1046 GE,
822 972 896 1045 FE,
921 972 1133 1053 aequalibus,
1156 952 1310 1037 remanet
1334 975 1562 1057 rectaugulum

393 1080 473 1146 ΒΕΑ
497 1080 634 1161 aequale
656 1080 820 1161 quadrato
855 1080 934 1154 AF,
970 1097 1086 1162 nempe
1110 1081 1185 1153 BD3
1209 1088 1241 1145 et
1263 1082 1349 1146 linea
1374 1082 1428 1147 BD
1451 1084 1559 1148 media

396 1189 650 1270 proportionalis
674 1189 759 1253 iuter
779 1188 844 1262 BG,
859 1189 926 1255 un.
952 1190 1085 1272 Exque
1101 1191 1484 1272 patetsemiparabolae,
1501 1213 1561 1258 cn·

390 1299 444 1378 jos
468 1298 655 1379 amplitudo
678 1297 754 1370 BC,
788 1300 930 1379 impetus
955 1317 1034 1363 vero
1058 1300 1135 1371 ΑΒ,
1159 1300 1367 1365 altitudinem
1392 1318 1461 1366 esse
1486 1303 1562 1374 BG,

396 1407 631 1471 sublimitatem
655 1407 723 1474 Ga.
754 1408 850 1485 Quod
873 1410 899 1473 si
926 1414 1066 1490 ponatur
1089 1409 1226 1474 inferius
1248 1411 1289 1474 ut
1313 1410 1458 1491 aequalis
1481 1409 1562 1487 Ga,

395 1517 454 1581 erit
477 1517 560 1580 baec
585 1516 747 1590 altitudo;
769 1517 811 1580 ΙΑ
836 1536 915 1581 vero
937 1517 1124 1581 sublimitas
1148 1519 1407 1599 semiparabolac
1424 1519 1473 1584 lC.

486 1624 539 1687 Ex
564 1623 797 1688 demonstratis
820 1625 988 1707 bucusque
1012 1643 1182 1706 possumus

701 1780 873 1857 Paestana
890 1794 954 1891 lll,
977 1796 1162 1858 l'uorosrrro
1188 1796 1255 1859 Xll.

479 1949 790 2033 Semipurcbolcrum
825 1953 967 2015 omnium
1001 1952 1220 2032 amplitudines
1249 1951 1369 2016 calculo
1397 1955 1561 2036 collique,

401 2072 489 2144 utque
514 2064 550 2124 iu
575 2062 697 2126 tubulus
713 2063 848 2144 ccipere,
867 2080 948 2143 quoe
972 2080 992 2124 c
1013 2055 1155 2142 projectis
1171 2061 1273 2126 eodem
1293 2062 1409 2143 impetu
1428 2064 1559 2144 crrplosis

401 2173 629 2238 describantur,

459 2282 664 2349 constater
694 2279 1026 2361 praedemonstratis.
1053 2287 1130 2344 tuuc
1166 2280 1381 2361 parabolasa
1406 2282 1559 2363 projectis

401 2385 511 2456 codem
535 2390 661 2471 impetu
685 2389 861 2471 designari,
884 2407 961 2452 cum
986 2377 1126 2452 illarum
1143 2388 1363 2452 sublimitates
1385 2406 1463 2453 cum
1483 2389 1559 2452 alti·

401 2500 566 2564 tudinibus
587 2500 723 2581 junctae
750 2497 903 2579 aequales
931 2496 1120 2562 conficiant·
1140 2495 1426 2577 perpendiculares
1463 2513 1563 2577 supra

400 2608 611 2675 horizontem·
630 2608 718 2673 later
733 2605 865 2671 casdem
881 2625 959 2687 crgo
979 2605 1153 2687 parallelas
1171 2604 1390 2668 horizontales
1409 2605 1472 2668 bae
1488 2622 1562 2686 per-

402 2717 626 2797 pendiculares
648 2714 880 2796 comprehendi
905 2714 1034 2778 debent.
1057 2715 1203 2778 Ponatur
1225 2714 1336 2795 itaque
1364 2713 1562 2778 horizontali

400 2824 444 2889 Gll
469 2820 568 2909 (Fiq.
595 2820 679 2907 123)
703 2822 982 2904 perpendicularis
1012 2822 1067 2885 ba
1093 2822 1265 2902 aequalis,
1286 2829 1317 2884 et
1339 2827 1559 2886 connectatur

368 2958 370 2962 ’
398 2932 579 3015 diagonalis
601 2932 667 2999 AC.
691 2932 763 2998 Erit
786 2933 930 3015 augtrlus
954 2932 1035 2997 ΔΕΒ
1059 2935 1261 3007 semirectus,
1285 2952 1331 3014 gri
1356 2933 1408 2998 lb.
1429 2912 1568 2997 Divisa-¹

400 3058 457 3121 que
482 3041 746 3124 perpendiculari
770 3043 826 3106 ΒΛ
850 3040 1002 3105 bilariam
1026 3043 1060 3106 io
1085 3042 1133 3115 b,
1158 3043 1399 3124 semiparabola
1422 3043 1475 3110 bu
1501 3044 1564 3107 erit

358 3237 361 3248 .
398 3169 439 3227 ea,
463 3169 553 3234 quac
576 3169 596 3214 a
620 3152 824 3217 sublimitate
847 3153 906 3216 ab
928 3170 1004 3216 cum
1030 3152 1204 3217 altitudine
1226 3151 1280 3215 ub
1299 3151 1507 3235 designatur:
1531 3157 1564 3216 et

397 3260 537 3343 impetus
560 3260 633 3344 elus
656 3260 734 3328 iuC
759 3267 872 3326 tantus
894 3262 979 3335 erit,
1002 3266 1145 3342 quantus
1169 3268 1217 3324 est
1240 3260 1274 3324 in
1299 3262 1324 3326 B
1348 3262 1479 3326 mobilis
1504 3279 1563 3326 ve·

397 3371 513 3436 olentis
547 3387 590 3434 cx
624 3369 735 3451 quiete
762 3371 797 3434 in
825 3373 854 3433 A
882 3388 939 3452 per
961 3369 1084 3433 lineam
1109 3370 1173 3433 ΑΒ.
1198 3369 1262 3442 ut,
1285 3370 1313 3433 si
1337 3335 1481 3434 ducatu'r
1505 3369 1564 3437 AG
1689 3408 1691 3413 ·

398 3478 621 3561 aequidistans
643 3478 712 3553 BC,
737 3478 940 3562 reliquarum
962 3477 1113 3541 omnium
1130 3476 1462 3558 semiparabolarum,
1479 3494 1564 3559 qua·

399 3606 463 3654 rum
489 3589 636 3670 impetus
659 3587 792 3654 iuturus
815 3590 858 3653 sit
881 3588 967 3652 idem
992 3605 1070 3652 cum
1094 3586 1194 3651 modo
1215 3586 1392 3669 explicato,
1414 3587 1565 3652 altitudi-

399 3713 446 3763 ucs
468 3714 552 3763 cum
575 3696 836 3772 sublimitatibus
854 3697 1002 3779 junctae,
1025 3698 1171 3777 spatium
1194 3697 1280 3760 inter
1304 3696 1478 3778 parallelas
1495 3694 1563 3768 AG,

398 3805 440 3875 lit]
476 3806 612 3889 explere
634 3805 764 3871 debent.
787 3808 934 3889 iusuper,
957 3823 1034 3871 cum
1054 3805 1125 3888 jam
1148 3806 1409 3870 demonstratum
1433 3804 1487 3877 sit,
1510 3820 1562 3867 se-
1683 3828 1689 3840 ·

399 3915 687 4000 uiparabolarum‚
710 3933 852 3998 quarum
877 3922 1047 3998 tangentes
1070 3917 1260 3997 aequaliter,
1278 3917 1349 3979 sive
1366 3932 1465 3996 supra
1489 3914 1562 3978 sive

398 4022 490 4102 inira,
513 4025 558 4089 ab
580 4024 765 4090 elevatione
788 4027 962 4090 semirecta
986 4026 1127 4100 distant,
1150 4024 1383 4105 amplitudines
1406 4022 1560 4105 aequales

399 4149 478 4212 use,
498 4135 673 4211 calculus,
695 4153 793 4217 quem
818 4154 877 4218 pro
902 4136 1082 4219 majoribus
1105 4134 1345 4199 elevationibus
1367 4132 1562 4214 compilabi·

399 4256 478 4321 uus,
502 4260 565 4327 pro
587 4244 771 4309 minoribus
793 4260 923 4325 quoque
942 4243 1113 4308 deserviet.
1133 4240 1297 4323 Eligimus
1316 4245 1485 4321 praeterea
1500 4257 1563 4303 ou·

399 4366 524 4417 uerum
542 4354 685 4433 partium
704 4352 816 4417 decem
832 4353 922 4417 mille
942 4348 1086 4438 (route)
1106 4368 1165 4433 pro
1181 4352 1327 4414 maxima
1345 4348 1564 4430 amplitudine

399 4460 615 4543 traiectionis·
629 4460 888 4542 semiparabolae
912 4460 954 4525 ad
978 4461 1197 4524 elevationem
1220 4477 1268 4542 gr.
1291 4459 1336 4522 ts
1359 4457 1483 4522 iactae:
1498 4458 1564 4523 ita·

400 4574 458 4647 que
480 4577 575 4634 tanta
597 4575 802 4653 supponatur
824 4587 895 4635 esse
919 4570 1007 4634 linea
1030 4571 1095 4643 Ba,
1119 4577 1152 4634 et
1175 4568 1360 4651 amplitudo
1382 4568 1565 4652 semipara-
1607 4600 1609 4604 ν

401 4674 487 4742 belae
510 4677 577 4745 BC.
601 4677 767 4761 Eligimus
790 4682 902 4743 autem
926 4694 1103 4742 numerum
1128 4675 1258 4750 teoto,
1281 4676 1361 4757 quia
1384 4676 1512 4740 utimur
1529 4675 1563 4736 in

403 4786 533 4851 calculis
556 4788 670 4852 tabula
695 4789 912 4870 tangentium,
931 4789 1028 4869 cujus
1051 4787 1104 4851 bic
1130 4804 1287 4851 numerus
1311 4786 1464 4865 congruit
1485 4799 1561 4846 cum
