3925 5784
847 737 1000 784 cronnara
1025 734 1135 782 nanze.
1225 713 1255 753 ⁵
1359 733 1362 739 ·
1506 716 1566 780 181

397 859 540 933 BS,-seu
564 859 628 932 CB,
649 860 691 923 ad
716 860 776 933 BS;
798 865 847 923 est
871 864 982 922 autem
1008 857 1060 923 CB
1084 857 1125 920 ad
1145 856 1201 925 BS.
1229 856 1333 920 otuu
1354 854 1394 917 ad
1412 856 1567 936 Bitergo

401 974 492 1049 patet
518 968 733 1049 propositum.
1258 1005 1261 1012 ι
1361 989 1366 994 ·

730 1126 907 1191 Tnnonmn
932 1125 976 1198 V,
998 1109 1184 1189 Pnoeosnro
1210 1122 1246 1187 V.

488 1283 586 1349 Retio
608 1294 780 1367 temporum
804 1286 1011 1348 dccccucuuut
1033 1300 1127 1365 super
1148 1283 1263 1364 planu,
1280 1297 1417 1364 pacorum
1432 1279 1571 1344 diocrcoc

396 1396 463 1457 sint
486 1394 704 1466 inclinationes
728 1402 756 1462 ct
779 1391 999 1471 loupitucllncc,
1024 1409 1079 1455 uec
1098 1409 1161 1455 non
1177 1386 1571 1468 elevationes-inaequales,

396 1502 597 1583 componitur
620 1521 661 1567 ea
683 1502 806 1566 ratione
831 1500 1064 1582 loopltuclinum
1091 1500 1232 1581 ipsorum
1257 1499 1450 1579 planorum,
1472 1504 1502 1560 ct
1530 1514 1571 1561 aa

399 1616 525 1677 colione
548 1612 704 1694 cudduplc
724 1611 934 1678 elevationum
957 1610 1127 1676 eorundem
1146 1611 1505 1693 permutotlm'cccepto.
1538 1643 1565 1674 «ε

488 1723 562 1788 Sint
585 1722 684 1803 plana
701 1723 770 1794 ΑΒ,
787 1720 841 1788 AG
863 1716 958 1805 (Flo.
978 1717 1044 1805 54)
1063 1720 1283 1786 diversimode
1299 1719 1471 1788 inclinata,
1488 1732 1572 1798 quo·

398 1850 473 1897 rum
499 1832 722 1914 longitudines
745 1832 811 1896 sint
835 1831 1081 1912 inaeqnueset
1099 1828 1289 1918 inaequales
1309 1844 1440 1908 quoque
1461 1826 1574 1890 eleva·

400 1941 518 2010 tiones.
542 1939 626 2004 Dico
648 1940 813 2010 rationem
839 1939 996 2021 temporis
1019 1939 1195 2007 amoenans
1219 1954 1276 2017 per
1299 1936 1353 2003 AC
1378 1937 1420 2000 ad
1443 1941 1574 2016 tempus

400 2065 455 2129 per
479 2048 537 2112 ΑΒ
556 2047 777 2128 compositam
800 2064 871 2111 esse
893 2064 935 2110 ex
960 2047 1088 2110 ratione
1112 2045 1216 2128 ipsius
1240 2045 1295 2112 AC
1319 2046 1361 2108 ad
1385 2044 1452 2117 ΑΒ.
1475 2049 1574 2107 etex

401 2156 566 2238 suddupla
583 2155 809 2222 elevationum
827 2145 1008 2220 earundem
1027 2153 1240 2234 permutatim
1260 2157 1407 2232 accepta.
1427 2152 1576 2216 Ducatur

401 2264 487 2329 enim
512 2262 784 2345 perpendiculum
809 2263 877 2335 Al),
900 2262 960 2326 oui
979 2266 1159 2327 occurrant
1180 2259 1401 2325 horizontales
1424 2258 1491 2332 BG,
1510 2258 1576 2335 Gi),

402 2378 431 2435 et
453 2373 542 2435 inter
566 2370 768 2434 elevationes
792 2370 861 2443 DA,
885 2370 943 2437 AG
968 2369 1078 2434 media
1100 2370 1144 2434 sit
1163 2369 1234 2442 Am
1253 2374 1435 2449 expuncto
1454 2368 1574 2434 veroL

361 2497 364 2501 ’
405 2482 503 2546 duola
529 2479 686 2563 parallelo
708 2480 872 2544 horizonti
896 2485 1051 2545 nocuerat
1072 2479 1171 2560 plano
1187 2478 1242 2544 AC
1258 2479 1292 2541 in
1309 2478 1346 2551 F,
1362 2477 1426 2542 orit
1445 2494 1576 2557 quoque

407 2590 456 2652 AF
480 2589 591 2653 media
614 2588 702 2651 iuter
725 2587 791 2661 CA,
814 2588 882 2653 ΑΕ.
902 2589 946 2653 Et
967 2590 1047 2669 quia
1069 2592 1199 2669 tempus
1224 2604 1281 2667 per
1304 2586 1358 2653 AG
1383 2587 1426 2651 ad
1445 2592 1576 2668 tempus

406 2716 455 2777 per
479 2698 538 2762 ΑΕ
560 2703 622 2772 eat,
638 2706 682 2760 ut
706 2698 792 2761 linea
816 2698 870 2762 Fa
894 2699 935 2761 ad
951 2697 1022 2774 ΑΕ,
1037 2702 1167 2779 tempus
1185 2714 1336 2778 veroper
1357 2697 1415 2765 au
1431 2697 1473 2761 ad
1491 2701 1578 2763 tem·

405 2823 459 2885 pus
484 2824 544 2887 per
568 2806 634 2879 ΑΒ,
658 2812 696 2869 ut
719 2805 833 2869 callem
859 2806 915 2869 ΑΕ
940 2806 982 2868 ad
1005 2805 1143 2868 eandem
1169 2806 1240 2871 AB:
1259 2810 1359 2884 patet,
1376 2811 1505 2886 tempus
1522 2821 1580 2886 por

404 2918 451 2983 tc
477 2917 522 2981 ad
545 2921 677 2996 tempus
703 2933 759 2996 per
783 2917 838 2982 ΑΒ
862 2932 954 2991 esse,
977 2921 1015 2979 ut
1038 2916 1094 2979 AF
1117 2916 1158 2979 ad
1183 2917 1249 2980 ΑΒ.
1274 2915 1576 2980 Demonstrandum

403 3026 511 3107 itaque
535 3030 648 3099 restat,
674 3025 835 3088 rationem
861 3026 916 3089 AF
939 3024 981 3092 cd
1005 3025 1061 3089 AB
1080 3027 1231 3106 componi
1251 3042 1294 3086 ex
1312 3025 1442 3088 ratione
1459 3024 1516 3089 CA
1532 3022 1576 3088 ad

400 3136 463 3209 AB,
487 3139 522 3197 et
544 3151 586 3197 ex
610 3135 739 3198 ratione
759 3132 817 3199 Ga
841 3134 883 3197 ad
907 3134 974 3206 AL,
997 3151 1083 3215 quae
1105 3139 1155 3202 est
1172 3134 1256 3198 ratio
1274 3133 1444 3214 suddupla
1466 3134 1580 3197 eleva·

399 3245 532 3307 tionum
555 3241 635 3313 DA,
659 3242 717 3309 AG
741 3242 955 3323 permutatim
978 3248 1126 3322 accepta.
1149 3242 1185 3306 ld
1209 3247 1322 3306 autem
1358 3230 1574 3306 manifestum
1648 3326 1651 3332 Ι

397 3352 450 3428 lit,
476 3352 586 3435 pooita
609 3353 665 3420 CA
688 3354 774 3417 inter
798 3354 862 3421 ΕΑ,
887 3353 958 3417 AB:
975 3353 1062 3417 ratio
1075 3354 1164 3417 enim
1183 3353 1238 3416 Fa
1258 3353 1300 3415 ad
1318 3352 1373 3420 AC
1391 3358 1444 3417 eat
1457 3352 1576 3418 cadem

393 3479 478 3526 cnm
502 3460 633 3529 ratione
655 3461 711 3524 LA
741 3461 783 3523 ad
807 3460 876 3530 Al),
903 3476 960 3524 seu
980 3459 1038 3526 Ga
1061 3459 1104 3523 ad
1127 3460 1199 3533 AL:
1223 3478 1308 3541 quae
1337 3467 1388 3525 est
1410 3460 1576 3543 cuddupla

392 3570 541 3634 rationis
563 3569 787 3635 elevationum
813 3568 882 3642 Gn,
906 3570 973 3640 Al),
998 3575 1031 3633 et
1053 3572 1139 3635 ratio
1158 3570 1214 3637 CA
1238 3572 1280 3635 acl
1296 3572 1352 3636 AB
1368 3576 1418 3635 est
1436 3573 1578 3652 ipsamet

390 3677 492 3745 ratio.
510 3676 774 3759 longitudinum
795 3694 874 3759 ergo
900 3682 988 3758 patet
1011 3680 1226 3761 propositum.
1348 3727 1351 3732 »

709 3848 889 3914 Tnnonnua
913 3850 970 3921 vl,
1004 3847 1191 3916 Prorosrr'ro
1215 3847 1267 3917 VI.

492 4018 532 4084 st
555 4039 576 4085 c
597 4028 716 4101 puncto
738 4022 866 4086 sublimi
892 4022 941 4087 ool
967 4028 1030 4088 imo
1063 4024 1174 4090 circuli
1196 4023 1239 4087 cci
1261 4024 1453 4088 temnentem
1479 4024 1579 4087 'uerti

393 4132 565 4197 ducantur
591 4132 743 4214 quaelibet
770 4132 868 4213 plone
894 4152 995 4216 arque
1018 4134 1060 4198 od
1082 4134 1366 4215 circumferentiam
1402 4131 1579 4208 inclinato,

398 4250 545 4323 temporo
567 4240 772 4304 maceranum
792 4260 848 4322 pcc
869 4243 938 4324 ipro
960 4250 1054 4306 erum
1073 4241 1230 4323 menotio.

493 4348 544 4414 Sit
566 4349 712 4414 circulus
735 4350 778 4414 ad
800 4351 1004 4415 horizontem
1029 4350 1087 4417 GH
1110 4357 1240 4415 erectus
1264 4347 1360 4436 (Εἰς.
1378 4348 1456 4437 55),
1479 4351 1576 4433 eujus

399 4474 444 4519 ex
466 4457 538 4521 imo
561 4460 694 4537 puncto,
719 4476 835 4539 nempe
852 4476 894 4522 ex
912 4463 1068 4524 contactu
1087 4476 1164 4523 cum
1180 4459 1389 4533 horizontali‚
1406 4459 1448 4523 sit
1466 4464 1577 4525 erecta

400 4566 669 4642 diameter'FA,
690 4571 724 4630 et
747 4584 789 4631 ex
812 4572 935 4646 puncto
957 4567 1092 4631 sublimi
1115 4571 1144 4631 Α
1168 4569 1265 4650 plana
1290 4568 1456 4648 quaelibet
1477 4568 1579 4632 inull-

403 4680 527 4739 nentur
549 4693 654 4757 usque
676 4678 719 4742 ad
736 4676 1038 4742 circumferentiam
1057 4678 1123 4752 ΑΒ,
1144 4678 1208 4744 AG.
1232 4678 1324 4754 Dico,
1349 4683 1497 4761 tempora
1520 4678 1578 4742 de·

405 4802 583 4851 mensuum
609 4804 665 4867 per
688 4787 757 4868 ipsa
783 4804 853 4851 esse
877 4786 1040 4867 aequalia.
1064 4787 1335 4865 benemeriti),
1359 4790 1414 4856 GE
1440 4788 1488 4851 ad*
1504 4785 1579 4850 clia-
