3925 5784
403 719 467 785 lec
705 733 854 779 nmnoom
877 732 980 779 nnnnu
1003 730 1106 779 unove
1130 730 1255 777 summu

401 858 457 922 ΑΕ
491 873 561 919 esse
594 859 632 918 ιιι
666 855 744 930 ΑΕ,
768 854 830 917 erit
855 860 983 933 tempus
1008 870 1064 932 ρετ
1087 852 1142 916 ΒΕ
1168 856 1205 915 ul
1230 851 1311 928 ΒΕ,
1335 868 1480 934 cumque
1515 850 1574 915 ΑΒ

402 966 509 1028 medie
537 964 580 1027 sit
600 964 686 1027 inter
709 962 780 1038 ΒΑ,
804 962 884 1035 ΛΕ,
907 961 971 1024 ετίι
995 960 1053 1027 AG
1078 967 1207 1041 tempus
1232 976 1289 1041 ρετ
1314 964 1417 1024 tolum
1442 959 1514 1031 ΑΒ,
1540 963 1573 1021 ει

400 1074 527 1155 reliqua
551 1073 607 1140 EG
629 1074 694 1137 erit
717 1080 846 1155 tempus
869 1089 926 1153 ρετ
949 1070 1114 1152 reliquum
1138 1071 1191 1135 ΕΒ
1217 1087 1259 1134 ex
1281 1070 1392 1151 quiete
1415 1071 1449 1133 in
1474 1073 1516 1146 Α,
1539 1075 1573 1131 ει

400 1183 550 1247 simililer
572 1182 788 1247 concludetur
811 1183 864 1246 EF
887 1199 959 1246 esse
982 1186 1112 1262 tempus
1137 1198 1194 1261 ρετ
1210 1178 1263 1245 EC
1282 1184 1354 1260 ροει
1372 1179 1570 1243 descensum

400 1293 467 1368 ΒΕ,
491 1311 548 1357 seu
572 1300 644 1374 ροει
667 1310 781 1357 ossum
798 1292 873 1365 ΑΕ;
887 1291 1148 1355 demonstratum
1172 1295 1284 1355 aulem
1307 1294 1357 1353 εει
1380 1289 1433 1352 BF
1462 1288 1571 1351 mino,-

400 1419 468 1464 rem
493 1419 685 1501 essequam
710 1400 788 1466 EG:
814 1418 893 1484 ergo
917 1400 1248 1481 putelproposilum.

865 1572 1097 1637 Cononnsmun.
1220 1627 1223 1631 .

488 1710 758 1810 Euhaemone
793 1747 834 1791 ex
871 1728 1080 1813 pyraecedeuli
1115 1733 1266 1801 constat,
1290 1726 1458 1808 spatium,
1483 1724 1575 1806 quod

400 1836 574 1901 conficitur
608 1836 642 1899 in
678 1836 1010 1918 perpendiculo-post
1032 1853 1148 1900 casum
1172 1852 1213 1900 ex
1237 1824 1397 1908 sublimi,
1422 1830 1580 1914 tempore

399 1944 512 2009 eodem
547 1963 611 2026 quo
644 1942 822 2008 conficitur
850 1945 985 2036 planum
1008 1944 1229 2017 inclinatum,
1258 1946 1366 2008 minus
1401 1960 1473 2006 esse
1513 1959 1575 2017 eo,

399 2054 486 2134 quod
507 2051 683 2118 coniicitur
705 2059 853 2133 tempore
875 2052 990 2115 eodem
1016 2031 1115 2132 elque
1138 2052 1173 2114 in
1196 2051 1356 2116 inclinato
1382 2067 1455 2114 uon
1470 2065 1573 2131 ,prae-

398 2163 533 2227 cedente
556 2179 635 2225 eusu
659 2178 701 2224 ex
724 2160 881 2234 sublimi,
915 2160 1024 2241 majus
1060 2166 1170 2223 tamen
1194 2175 1296 2240 quum
1320 2158 1407 2222 idem
1432 2157 1571 2240 plenum

398 2271 617 2336 inclinatum:
640 2288 716 2335 eum
739 2271 827 2334 enim
853 2271 952 2335 modo
974 2269 1237 2334 demonstratum
1260 2270 1326 2344 sil,
1349 2269 1437 2349 qnod
1461 2269 1571 2333 mebi-

398 2382 479 2445 lium
490 2380 694 2445 venientium
707 2397 750 2441 ex
762 2380 904 2443 termino
919 2378 1053 2443 sublimi
1067 2380 1095 2440 Α
1109 2372 1194 2461 (Flo.
1206 2374 1261 2462 71)
1276 2381 1405 2457 tempus
1416 2377 1574 2442 conversi

398 2505 454 2569 ρετ
476 2487 540 2574 EC¹
554 2488 688 2552 brevius
711 2488 756 2551 sit
778 2488 924 2570 tempore
948 2487 1153 2570 procedentis
1177 2502 1234 2568 ρετ
1250 2486 1317 2558 ΕΒ,
1334 2491 1475 2560 eonslut.
1495 2504 1572 2568 spa·

398 2598 493 2673 lium,
508 2598 597 2678 quod
612 2596 787 2663 coniicitur
807 2616 864 2681 ρετ
879 2600 934 2664 ΕΒ
952 2606 1099 2682 ιειιτροτε
1117 2598 1247 2680 aequali
1265 2602 1403 2681 tempori
1425 2617 1484 2682 ρετ
1499 2602 1572 2674 EG,

396 2706 507 2776 miuus
530 2723 602 2771 esse
622 2712 692 2783 tolo
707 2709 814 2790 spallo
832 2710 896 2773 ΕΒ.
913 2710 1009 2788 Quod
1032 2715 1144 2773 autem
1164 2708 1252 2773 idem
1269 2710 1413 2791 spatium
1429 2726 1571 2791 perpen-

396 2815 498 2879 diculi
515 2816 623 2898 majus
646 2817 689 2881 sil
712 2836 812 2899 quam
829 2818 895 2895 EC,
913 2819 1123 2883 menifestum
1140 2817 1178 2882 fit
1197 2824 1329 2900 sumpta
1346 2817 1455 2901 ligura
1475 2833 1572 2901 ρτιιε-

395 2926 541 2990 cedentis
566 2928 809 3008 proposilionis,
832 2930 866 2993 in
891 2946 955 3010 qua
980 2933 1108 3011 partem
1133 2927 1357 3010 perpendiculi
1372 2926 1428 2993 BG
1443 2926 1566 2992 confici

396 3037 657 3100 demonstratum
681 3042 731 3099 est
756 3044 902 3119 tempore
924 3020 1040 3103 eodem
1064 3055 1142 3103 oum
1166 3038 1217 3104 BC
1243 3047 1317 3119 post
1343 3049 1460 3102 cusum
1489 3037 1569 3101 AB:

269 3157 271 3162 ·
395 3145 480 3208 banc
504 3150 614 3208 autem
640 3145 694 3212 BG
719 3146 879 3229 majorem
903 3164 974 3211 esse
998 3165 1096 3228 quam
1121 3146 1182 3219 BC,
1208 3148 1255 3211 sic
1279 3147 1459 3230 colligitur.
1484 3145 1569 3214 Cum

393 3253 459 3328 ΒΕ,
483 3253 535 3318 FB
559 3256 714 3338 aequales
738 3258 814 3332 sint,
833 3257 889 3320 ΒΑ
908 3274 988 3321 τετε
1009 3258 1119 3320 minor
1134 3257 1199 3330 ΒΒ,
1219 3257 1379 3338 majorem
1402 3257 1566 3321 rationem

393 3360 493 3423 babet
517 3361 568 3425 FB
592 3362 633 3424 ud
657 3364 735 3438 ΒΑ,
758 3381 858 3445 qnam
882 3364 937 3429 ΕΒ
962 3365 1002 3428 ad
1027 3365 1092 3438 BD,
1117 3372 1156 3431 ‚et
1179 3364 1417 3446 componendo,
1443 3363 1499 3428 ΕΑ
1522 3366 1565 3429 nd

395 3466 449 3527 AB
475 3468 631 3549 majorem
655 3470 777 3545 babel,
800 3490 900 3553 quum
924 3473 982 3538 ΕΒ
1005 3473 1047 3537 ad
1070 3474 1148 3549 BB;
1172 3480 1222 3539 εει
1245 3480 1356 3538 autem
1381 3481 1416 3539 ut
1441 3476 1498 3540 ΕΑ
1520 3475 1564 3541 τιτι

395 3576 461 3650 ΑΒ,
486 3576 533 3638 ila
556 3575 609 3642 GF
633 3580 674 3642 nd
699 3579 751 3642 FB
775 3578 847 3665 (εει
869 3582 958 3646 enim
982 3584 1037 3646 AF
1062 3582 1171 3647 media
1192 3584 1281 3652 inter.
1301 3584 1380 3657 ΒΑ,
1399 3581 1505 3670 AG).
1528 3590 1561 3649 el

394 3683 547 3747 simililer
570 3692 606 3749 ul
631 3688 686 3751 ΕΒ
710 3688 752 3751 ud
776 3689 852 3765 BD,
876 3690 922 3753 ila
946 3698 997 3756 εει
1019 3691 1072 3757 GE
1097 3690 1140 3754 ad
1163 3692 1241 3765 ΕΒ;
1264 3710 1343 3774 ergo
1367 3692 1422 3758 GB
1446 3695 1490 3759 ud
1514 3695 1567 3759 BF

394 3793 552 3875 majorem
587 3794 685 3862 babel
720 3799 881 3862 rationem
916 3816 1016 3882 quam
1041 3800 1092 3865 CB
1116 3801 1157 3864 ad
1182 3801 1258 3866 BE:
1298 3810 1348 3867 est
1381 3802 1486 3885 igilur
1512 3802 1567 3869 GB

394 3902 500 3984 major
524 3902 602 3980 BG,
1474 3931 1480 3940 ·

688 4075 859 4138 Pnonnuun
883 4077 1147 4149 lv,1‘n01›0s1no
1174 4077 1270 4143 XVll.

486 4228 567 4294 Delo
586 4233 804 4312 perpendiculo
826 4244 854 4296 el
875 4236 969 4315 pleno
992 4237 1153 4317 adipsum
1176 4237 1447 4320 eoncedendum
1470 4239 1566 4320 plano

390 4347 514 4417 perlem
537 4340 686 4418 siquam,
720 4343 754 4403 τίι
779 4361 844 4423 que
863 4352 932 4423 ροτι
955 4362 1064 4408 cusum
1087 4347 1120 4408 io
1142 4347 1361 4428 perpendiculo
1379 4349 1435 4431 fiel
1459 4356 1564 4412 moles

394 4454 527 4523 tempore
549 4447 674 4526 aequali
695 4450 1082 4532 succendendum
1103 4455 1365 4537 perpendiculum
1389 4475 1430 4520 ecc
1454 4459 1558 4539 quiete

394 4552 537 4631 confecit.

484 4659 532 4724 Sil
557 4665 824 4743 perpendiculum
849 4671 903 4733 ΑΒ
928 4667 1013 4754 (Flo.
1030 4670 1096 4758 72),
1114 4680 1146 4736 ει
1165 4676 1205 4738 ud
1224 4675 1330 4755 ipsum
1352 4674 1488 4756 planum
1513 4676 1564 4738 in·

393 4770 517 4833 llexum
543 4772 617 4835 Bll:
643 4782 770 4854 οροτιει
794 4761 827 4841 in
853 4780 905 4844 BE
930 4782 1073 4860 spolium
1099 4784 1252 4863 signare,
1286 4800 1342 4864 ρετ
1377 4784 1468 4863 quod
1494 4800 1564 4847 mo·
