3925 5784
467 1230 478 1448 J
568 1289 1011 1418 'olonnam
1052 1287 1333 1435 nnana,
1361 1206 1383 1438 J
1436 1280 1440 1291 ·
1490 1264 1530 1432 ᾗ

911 1597 1031 1639 turbabo

681 1814 713 1875 -r
737 1810 984 1877 novennem
1008 1810 1160 1878 nocam
1187 1808 1242 1895 (ι).
1298 1827 1302 1836 ,

483 2684 528 2747 lle
544 2683 692 2764 subiecto
708 2683 933 2749 vetustissimo
950 2683 1167 2758 novissimam
1193 2698 1425 2764 promovemus
1448 2682 1557 2746 scieu-

395 2794 485 2855 tiam.
502 2790 624 2857 MOTU
641 2792 687 2855 nil
704 2792 786 2855 iorte
802 2792 970 2873 antiquius
989 2792 1022 2854 in
1048 2785 1183 2864 natura,
1206 2796 1239 2855 ct
1261 2792 1350 2855 eirca
1366 2781 1446 2855 eum'
1460 2792 1558 2858 volu·

393 2899 482 2963 mine
498 2917 558 2962 nec
576 2917 696 2981 pauca.
714 2917 774 2963 nec
792 2917 894 2980 parve
911 2918 930 2962 a
949 2895 1151 2981 pbilosophis
1175 2902 1362 2982 conscripta
1384 2902 1558 2984 reperiun-

395 3014 459 3072 tur.
471 3009 737 3090 symptomatum
754 3015 876 3079 tamen,
891 3026 976 3090 quac
990 3008 1164 3089 complura
1179 3014 1211 3072 et
1226 3008 1313 3073 scitu
1327 3009 1428 3091 digna
1443 3010 1558 3074 iusunl

396 3117 429 3179 in
445 3133 496 3191 eo,
511 3116 620 3180 adbuc
643 3116 862 3189 inobservata,
888 3116 1028 3180 necdum
1052 3115 1276 3181 demonstrata
1300 3117 1480 3198 comperio.
1495 3118 1559 3182 Le·

395 3226 490 3290 viora
523 3224 687 3305 quaedam
721 3225 944 3298 adnotantur:
978 3231 1016 3289 ut
1053 3225 1160 3309 gratia
1183 3226 1346 3307 exempli,
1371 3227 1559 3309 naturalem

397 3338 524 3396 motum
559 3334 712 3414 gravium
740 3331 1010 3396 descendentium
1039 3332 1195 3396 continue
1218 3332 1558 3398 accelerari..Verum

392 3440 491 3522 juxta
525 3456 624 3520 quam
660 3440 903 3520 proportionem
938 3431 1027 3520 ejus
1045 3439 1103 3503 liat
1139 3440 1359 3514 acceleratio,
1393 3440 1558 3522 proditum

398 3548 570 3629 bucusque
594 3566 659 3613 non
683 3554 754 3612 est:
789 3548 900 3612 nultus
923 3548 1034 3623 enim,
1057 3551 1144 3629 quod
1168 3550 1294 3627 sciam,
1321 3550 1561 3624 demostravit,

399 3657 506 3739 spatia
529 3674 548 3720 a
572 3657 686 3722 mobili
711 3657 926 3722 descendente
950 3675 993 3723 ex
1016 3658 1127 3738 quiete
1144 3663 1276 3739 peracta
1299 3657 1334 3720 io
1358 3656 1561 3737 temporibus

399 3766 617 3848 aequalibus,
652 3782 727 3828 eam
751 3766 836 3829 iuter
865 3783 899 3829 se
927 3766 1070 3828 retinere
1093 3766 1278 3840 rationem,
1312 3780 1411 3846 quam
1437 3762 1562 3828 babent

400 3876 529 3941 numeri
554 3876 696 3955 impares
730 3875 772 3939 ab
805 3871 933 3938 unitate
968 3877 1215 3958 consequentes.
1244 3870 1467 3937 Observatum
1490 3878 1562 3951 est,

400 3984 549 4057 missilia,
568 4001 626 4047 seo
644 3982 799 4065 projecta,
823 3983 946 4047 lineam
962 3982 1235 4063 qualitercunque
1251 3996 1389 4045 corvam
1407 3978 1563 4062 designa-

400 4111 455 4166 re3
479 4098 696 4157 veruntamen
711 4108 784 4153 eam
802 4088 879 4154 esse'
894 4088 1092 4153 Parabolam
1116 4105 1212 4151 nemo
1237 4085 1390 4169 prodidit.
1408 4084 1499 4150 Haec
1515 4086 1564 4149 ita

400 4219 493 4275 esse,
515 4207 548 4263 et
572 4201 638 4264 alia
661 4217 726 4263 non
750 4215 882 4279 pauca,
906 4213 965 4259 nec
992 4197 1101 4260 minus
1125 4196 1212 4260 scitu
1235 4195 1358 4277 digna,
1382 4212 1402 4257 a
1428 4211 1482 4258 me
1505 4193 1567 4257 dc-

401 4313 686 4383 monstrabuntur,
719 4313 752 4370 et
780 4308 866 4388 quod
891 4306 995 4388 pluris
1019 4304 1208 4369 laciendum
1233 4321 1365 4379 censeo,
1389 4303 1505 4370 aditus
1530 4308 1564 4366 et

469 4528 502 4586 (l)
519 4525 554 4574 be
572 4525 681 4573 materie
698 4524 811 4573 discorso
827 4523 853 4571 iu
871 4527 962 4586 questa
980 4535 994 4570 e
1012 4520 1081 4570 nella
1098 4524 1224 4584 sequente
1235 4518 1359 4569 Giornata
1377 4530 1442 4568 sono
1459 4519 1486 4568 io
1505 4530 1571 4581 gran

398 4613 471 4671 parte
486 4608 511 4657 di
528 4605 615 4673 quelle
632 4606 715 4668 prime
732 4608 856 4656 scritture
873 4605 898 4654 di
914 4605 1033 4664 Galileo,
1050 4603 1120 4653 delle
1136 4602 1208 4666 quali
1225 4602 1345 4651 abbiamo
1365 4615 1401 4651 uu
1422 4601 1513 4664 sagulo
1533 4599 1575 4649 uei

400 4693 536 4742 Sermones
552 4693 582 4739 de
599 4690 672 4739 Motu
692 4688 819 4739 Grcoiom
835 4691 866 4739 da
883 4692 927 4737 noi
948 4688 1088 4751 pubblicati
1110 4688 1153 4737 uel
1174 4688 1206 4736 Τ.
1219 4686 1271 4745 xl,
1292 4700 1306 4735 e
1327 4684 1378 4735 alle
1394 4683 1466 4748 unali
1479 4685 1501 4734 si
1512 4684 1572 4734 rile-

398 4778 501 4824 riseono
519 4774 542 4823 le
560 4772 651 4823 ultimo
669 4772 758 4835 parole
775 4772 844 4822 della
862 4778 950 4822 nostra
968 4771 1117 4834 pretazione
1136 4770 1159 4819 al
1176 4770 1260 4820 Tomo
1272 4774 1363 4819 stesso.
1382 4768 1577 4829 (L’Enrrouc.)
