3925 5784
770 715 924 762 monrmrr
949 717 1055 763 enine.
1453 707 1493 769 71

417 832 514 897 Srnv.
537 831 551 895 l
573 831 694 913 quesiti
718 850 777 895 son
803 833 907 907 belli,v
925 834 964 896 ed
995 835 1027 898 io
1054 836 1085 898 oi
1109 834 1154 899 bo
1177 838 1278 902 molte
1302 841 1391 903 volte
1416 858 1498 923 pen-

335 946 420 1014 seto;
445 942 480 1005 vi
505 938 578 1004 diro
602 941 625 1004 il
649 940 797 1005 discorso
831 942 944 1008 faltoni
968 950 1102 1008 attorno
1124 963 1142 1008 e
1164 947 1275 1028 quello
1296 948 1360 1013 ohe
1383 968 1424 1015 ne
1452 951 1497 1016 bo

334 1051 361 1112 in
395 1050 516 1114 ultimo
539 1051 682 1115 ritratto.
706 1050 799 1132 Dopo
822 1054 958 1117 essermi
984 1054 1190 1130 certificate,
1214 1074 1280 1121 non
1304 1075 1393 1122 esser
1418 1078 1497 1125 rern

334 1163 385 1225 obe
409 1162 432 1225 il
458 1162 640 1225 medesimo
659 1163 780 1226 mobile
796 1164 830 1226 in
849 1165 950 1227 mezzi
967 1164 999 1227 di
1019 1164 1152 1230 diverso
1172 1168 1351 1232 resistenza
1367 1172 1493 1236 osservi

334 1271 411 1333 nella
447 1266 592 1336 relooitd
627 1271 658 1334 lo
695 1272 909 1353 proporzione
938 1272 1024 1337 delle
1057 1272 1199 1338 eedenze
1222 1276 1255 1339 di
1280 1277 1343 1341 essi
1368 1280 1517 1353 mezzi3.

333 1377 486 1446 nemeno
508 1380 571 1445 ebe
594 1380 646 1443 nel
671 1381 852 1445 medesimo
879 1398 990 1445 mezzo
1010 1380 1123 1445 mobili
1146 1380 1180 1445 di
1205 1383 1338 1449 diversa
1363 1382 1500 1468 grevitd·

334 1489 500 1570 ritengano
522 1488 608 1560 nelle
633 1483 775 1553 velocitd
798 1490 869 1552 loro
893 1488 924 1552 la
949 1490 1164 1571 proporzione
1198 1491 1231 1555 di
1266 1509 1337 1557 erse
1366 1494 1497 1576 gravitd

335 1594 543 1685 (intendendo
564 1614 651 1662 aneo
674 1598 757 1662 delle
781 1593 913 1682 gravitd
936 1600 1066 1664 diverse
1085 1600 1120 1662 in
1139 1597 1292 1686 ispeoie).
1317 1604 1496 1669 eomineidi

335 1722 544 1787 eoomporre
567 1707 707 1795 insieme
733 1709 896 1772 nmendne
925 1709 1035 1789 questi
1070 1708 1259 1786 accidenti,
1294 1712 1498 1779 avvertendo

334 1816 435 1896 quello
457 1816 521 1879 ebe
543 1815 720 1879 aoeadesse
743 1816 795 1879 dei
821 1816 935 1881 mobili
959 1816 1123 1880 differenti
1148 1817 1181 1880 di
1207 1814 1340 1902 grovitd
1360 1821 1444 1901 posti
1463 1822 1496 1885 in

335 1926 427 1989 mezzi
452 1926 485 1990 di
512 1926 642 1991 diverse
666 1926 859 2000 resistenze‚
882 1943 901 1989 e
925 1927 1107 1991 m'aoeorsi
1134 1928 1164 1990 le
1188 1924 1390 2012 disegualild
1411 1929 1498 1994 delle

334 2031 471 2100 reloeitd
496 2038 637 2101 troversi
665 2036 808 2100 tuttavin
833 2037 993 2119 maggiori
1019 2037 1071 2099 nei
1105 2038 1208 2101 mezzi
1241 2033 1298 2118 nid
1328 2039 1495 2103 resistenti

333 2144 384 2206 ebe
403 2143 459 2207 nei
479 2140 537 2225 pid
560 2144 701 2220 oedenti,
725 2162 743 2207 e
766 2141 821 2208 eid
842 2163 905 2209 eon
929 2141 1088 2209 diversitd
1114 2147 1183 2222 tali,
1206 2146 1268 2210 ebe
1287 2148 1318 2210 di
1336 2147 1401 2212 dne
1422 2167 1495 2213 mo-

332 2253 393 2328 bili,
409 2252 475 2317 ebe
489 2254 677 2319 seendendo
697 2272 753 2339 per
769 2255 841 2319 aria
854 2256 1053 2336 poebissimo
1068 2255 1285 2320 differiranno
1300 2258 1334 2320 in
1353 2255 1495 2324 velooitd

332 2362 357 2425 di
381 2368 487 2437 moto,
510 2363 706 2445 nell'eoqna
729 2363 751 2426 l'
765 2382 832 2428 nno
854 2364 881 2428 si
907 2360 1066 2430 mnoverd
1084 2365 1168 2429 diesi
1194 2366 1283 2432 volte
1304 2363 1360 2448 pid
1381 2368 1494 2435 velooe

331 2472 522 2546 dell’altro;
546 2474 621 2537 anzi
644 2475 706 2537 obe
731 2474 806 2547 tale,
830 2474 892 2538 obe
915 2473 1064 2538 nell¹aria
1086 2476 1310 2541 velocemente
1329 2476 1495 2550 discendo,

330 2580 524 2663 nell’aoqna
546 2598 613 2646 non
642 2583 712 2647 solo
746 2600 812 2647 non
847 2578 1055 2659 iseenderel,v
1074 2602 1129 2648 ma
1164 2578 1289 2649 resterd
1323 2585 1374 2649 del
1409 2590 1496 2651 tutto

330 2684 422 2769 prino
445 2689 479 2753 di
504 2695 606 2765 moto,
629 2707 648 2753 e
669 2691 745 2772 quel
769 2693 832 2756 obe
854 2689 873 2757 d
892 2688 971 2775 pid,
995 2693 1023 2757 si
1047 2690 1208 2759 mnoveri
1232 2693 1286 2757 all'
1300 2689 1398 2760 insd:
1422 2714 1496 2777 per·

329 2795 429 2862 obesi
449 2794 544 2879 potrd
562 2799 606 2861 tal
624 2800 715 2863 volta
732 2806 863 2865 trovere
886 2802 1027 2881 qualobe
1049 2806 1137 2865 sorte
1154 2802 1186 2866 di
1202 2801 1301 2884 legno
1315 2820 1335 2866 o
1351 2804 1493 2883 qualohe

329 2907 411 2971 nodo
433 2925 455 2972 o
479 2909 594 3000 radies
617 2909 650 2973 di
674 2910 786 2989 quello
807 2912 870 2974 ohe
894 2906 1304 2992 nell’noqnapotr'dstare
1323 2914 1495 2995 inquiete,

331 3034 345 3076 e
367 3016 443 3080 nell'
457 3018 530 3082 aria
555 3019 778 3084 veloeemente
802 3014 1006 3084 discendere.
1579 3006 1582 3022 ¹

415 3127 512 3192 Sren.
537 3129 571 3193 lo
596 3126 652 3210 pid
677 3129 765 3192 volte
790 3130 834 3191 mi
859 3146 918 3192 son
943 3146 1051 3192 messo
1074 3148 1136 3193 eon
1158 3147 1222 3193 nna
1239 3137 1381 3195 estrema
1396 3132 1491 3196 ilem·

332 3252 382 3297 mn
418 3252 478 3316 per
514 3238 633 3302 vedere
667 3239 699 3302 di
735 3238 865 3301 ridurre
902 3256 967 3302 nnn
1003 3239 1087 3319 pelle
1113 3239 1145 3301 di
1169 3257 1267 3313 nera,
1291 3240 1353 3305 ohe
1378 3260 1435 3322 per
1458 3240 1494 3307 se

330 3348 428 3407 stessa
465 3362 530 3409 non
567 3363 610 3409 va
643 3364 664 3409 a
696 3345 890 3421 londonen
915 3346 1161 3429 l’nggiugnerle
1185 3350 1279 3429 grani
1303 3349 1336 3412 di
1362 3368 1497 3427 remen

331 3468 428 3533 segno
454 3454 519 3517 tole
543 3454 576 3516 di
600 3450 732 3536 gravitd
755 3453 865 3518 simile
898 3453 1095 3535 all’aeqne,
1130 3453 1192 3518 ebe
1227 3455 1280 3517 nel
1313 3473 1427 3521 mezzo
1462 3459 1495 3522 dl

329 3564 436 3642 quella
459 3564 485 3628 si
511 3564 688 3638 fermosse3
713 3562 754 3628 nd
778 3562 843 3627 mni
870 3580 926 3643 per
950 3562 1115 3647 diligenza
1151 3570 1248 3627 nesta
1274 3566 1318 3629 ml
1342 3583 1495 3631 successe

330 3674 351 3736 il
384 3676 513 3755 poterlo
547 3678 766 3757 eonseguire3
792 3675 879 3740 onde
907 3693 973 3740 non
998 3694 1034 3739 so
1057 3694 1092 3740 se
1115 3676 1199 3739 altre
1224 3678 1364 3757 materia
1389 3677 1494 3742 solida

328 3784 356 3846 si
378 3784 497 3848 ritrovi
522 3790 615 3849 tento
638 3784 882 3847 natnrnlmente
906 3784 1014 3848 simile
1031 3785 1066 3847 in
1081 3778 1213 3865 gravitd
1230 3784 1413 3865 aliaeque,
1433 3785 1495 3847 ebe

327 3899 424 3973 poste
446 3895 480 3956 in
502 3912 576 3958 ossa
595 3894 632 3957 in
655 3894 734 3976 ogni
759 3893 859 3974 luogo
883 3900 1013 3973 potesse
1036 3893 1215 3985 iermersb

418 4005 511 4069 Stnv.
537 4005 624 4070 Sono
647 4007 679 4067 ln
703 4010 841 4085 questo,
865 4020 959 4067 oome
983 4004 1017 4067 in
1043 4003 1133 4066 mille
1167 4003 1251 4065 altre
1285 4002 1497 4082 operarioni‚

330 4114 416 4178 essai
441 4110 498 4194 piis
517 4099 668 4195 diligenti
693 4112 786 4175 molti
810 4112 959 4184 animali,
982 4113 1044 4176 obe
1068 4129 1132 4176 non
1157 4112 1262 4175 slamo
1282 4110 1337 4172 noi
1360 4109 1449 4171 altri.
1468 4108 1495 4171 E

331 4224 381 4285 nel
408 4228 521 4287 vostro
543 4240 621 4286 caso
641 4223 656 4285 i
681 4221 768 4303 pesoi
798 4222 832 4284 vi
860 4222 1021 4285 arrebber
1055 4225 1169 4301 potuto
1204 4236 1322 4300 porger
1356 4216 1496 4297 qualobe

332 4333 540 4404 documento,
565 4330 703 4397 essendo
717 4331 761 4393 >in
779 4337 899 4410 questo
922 4328 1079 4392 eseroizio
1102 4323 1171 4390 eosi
1189 4327 1286 4400 dotti,
1304 4326 1366 4389 olm
1379 4325 1424 4388 ed
1441 4342 1497 4389 ar·

331 4441 426 4506 bitrio
450 4442 522 4506 loro
544 4443 572 4505 si
596 4440 805 4521 equilibreno
822 4456 886 4501 non
901 4437 976 4501 ‘solo
992 4454 1055 4500 eon
1075 4435 1130 4499 nn'
1143 4452 1262 4516 acque,
1278 4451 1332 4497 ma
1351 4450 1414 4497 oon
1434 4432 1497 4496 dii-

333 4547 445 4614 lerenti
471 4551 708 4622 notabilmente
731 4565 751 4610 o
775 4547 981 4627 perpropria
1004 4552 1124 4608 notura
1147 4563 1167 4607 0
1191 4562 1248 4626 per
1272 4563 1336 4608 una
1360 4562 1498 4625 soprav-

335 4665 469 4725 venente
483 4661 660 4734 torbida,o
677 4676 733 4741 per
745 4655 920 4728 salsedine,
931 4656 993 4719 ebe
1013 4655 1043 4719 ln
1059 4656 1237 4719 dillerenza
1255 4654 1341 4717 assai
1362 4652 1497 4734 grendm

337 4768 360 4830 si
382 4772 604 4850 equilibrenm
620 4771 707 4845 dico,
725 4775 817 4833 tanto
834 4771 1070 4843 esettamente,
1085 4765 1146 4829 obe
1166 4784 1263 4831 senza
1280 4766 1382 4845 punto
1401 4778 1498 4825 mno-
