3925 5784
873 703 1027 750 thntlm
1051 704 1160 750 tmozt.

672 938 843 1006 romola
870 938 959 1010 XVI,
982 939 1169 1003 Poooosrrro
1196 938 1368 1003 xxxvnt.

529 1154 618 1251 Dabis
641 1156 761 1221 luobus
777 1157 882 1239 plauit
906 1157 1151 1221 borizoatolibus
1171 1155 1426 1240 apeppeuelioulo
1448 1160 1551 1233 sectis,
1568 1158 1602 1221 in

430 1264 656 1346 perpendiculo
675 1274 831 1348 puuctum
853 1266 984 1329 sublime
1007 1268 1157 1348 reperire,
1183 1285 1224 1331 eoa
1248 1285 1311 1350 quo
1334 1266 1481 1331 cadentia
1504 1269 1604 1331 mobi-

434 1375 490 1451 lia,
511 1383 540 1438 et
562 1375 598 1438 iu
618 1374 723 1457 plauit
746 1374 991 1439 boriwutalibus
1013 1376 1144 1458 reflexa,
1167 1377 1336 1458 conficiant
1359 1376 1393 1437 iu
1417 1375 1602 1457 temporibus

433 1484 622 1567 aequalibus
646 1485 833 1566 temporibus
852 1500 986 1549 casuum
1004 1485 1038 1546 iu
1057 1484 1165 1547 bellem
1184 1483 1442 1556 borizou'tolibuo,
1457 1483 1490 1545 in
1509 1499 1602 1561 eupo-

432 1594 518 1657 riore
543 1610 672 1675 nempe,
694 1601 788 1675 atque
811 1593 845 1654 iu
869 1593 1030 1674 iuferiora,
1052 1594 1176 1673 spotia,
1201 1610 1282 1674 puae
1306 1593 1390 1656 iuter
1412 1610 1443 1655 sa
1467 1593 1603 1655 lrabeaut

434 1718 669 1784 quameunque
692 1702 801 1767 latam
821 1702 979 1766 rationem
1001 1702 1133 1766 minoris
1158 1701 1202 1766 al
1224 1701 1386 1782 majorem.

524 1809 621 1876 Secta
645 1812 710 1874 sint
734 1809 831 1891 plana
854 1809 1072 1873 horizontalia
1096 1809 1174 1882 ct),
1198 1809 1251 1873 BE
1276 1804 1361 1892 (Fip.
1380 1806 1465 1893 105)
1491 1826 1508 1872 a
1530 1826 1603 1889 por·

436 1917 613 1999 pendiculo
636 1915 730 1989 ΑΕΒ,
753 1917 861 2007 sitque
884 1917 962 1980 data
986 1917 1073 1981 ratio
1098 1917 1236 1980 minoris
1260 1915 1301 1978 ed
1326 1916 1487 1997 majorem
1511 1918 1538 1983 N
1563 1918 1604 1980 od

436 2025 499 2094 FG.
536 2026 673 2109 Oportet
697 2026 730 2090 in
754 2026 988 2109 perpendiculo
1012 2028 1067 2091 AB
1092 2031 1250 2107 punctum
1275 2024 1417 2090 sublime
1439 2026 1604 2106 reperire,

435 2153 475 2199 ex
489 2151 557 2216 qua
572 2134 695 2199 mobiba
709 2135 842 2210 orbans,
857 2139 890 2199 el
910 2135 943 2198 in
956 2135 1055 2217 plano
1065 2133 1120 2201 GD
1138 2133 1296 2198 reflexum
1313 2138 1459 2215 tempore
1474 2134 1603 2215 aequali

435 2243 576 2325 tempori
594 2243 772 2319 auioasos,
794 2245 937 2326 spatium
959 2243 1126 2319 conficiat,
1149 2244 1234 2325 quod
1259 2245 1301 2308 od
1324 2244 1466 2325 epatium
1491 2245 1533 2308 ab
1552 2246 1603 2308 ol·

437 2362 505 2419 tero
527 2354 641 2419 mobili
660 2372 701 2420 ex
718 2354 832 2419 eodem
849 2359 971 2437 puncto
990 2354 1122 2418 sublimi
1140 2356 1292 2420 veniente
1308 2359 1454 2434 tempore
1472 2354 1600 2434 aequatt

438 2452 577 2545 tempori
600 2464 651 2528 eui
674 2480 787 2541 onena,
812 2470 903 2529 motu
926 2464 1050 2527 reflexo
1068 2480 1125 2544 per
1147 2464 1201 2528 BE
1227 2464 1380 2545 planum,
1404 2462 1524 2527 habeat
1548 2446 1602 2526 rol·

437 2574 560 2638 lionam
584 2573 722 2637 eandem
747 2566 822 2638 ot'rm
847 2573 968 2638 dataN
988 2574 1030 2636 od
1050 2571 1113 2638 FG.
1134 2573 1280 2636 Ponatur
1297 2572 1355 2638 Gli
1375 2571 1521 2653 aequalis
1538 2572 1600 2653 ipsi

437 2684 479 2757 N;
503 2689 537 2747 et
562 2690 599 2748 ut
621 2684 677 2748 Fbl
700 2684 744 2748 ad
766 2682 836 2754 HG,
852 2684 898 2746 ito
919 2683 974 2746 liat
995 2680 1047 2748 BC
1067 2683 1108 2745 od
1131 2682 1302 2757 CL.¹Dioo‚
1320 2682 1429 2745 Lasso
1446 2684 1601 2762 punctum

436 2794 576 2859 sublime
604 2795 800 2875 quaesitam.
824 2798 969 2874 Accepta
994 2794 1082 2858 enim
1106 2794 1168 2860 CM
1191 2794 1295 2876 dupla
1314 2794 1355 2856 od
1376 2792 1440 2866 CL,
1462 2792 1602 2857 ducator

435 2904 494 2969 Lm
519 2904 619 2985 plano
643 2905 696 2968 BE
720 2919 897 2969 ooourraos
920 2904 953 2967 in
977 2903 1025 2975 02
1044 2904 1107 2967 orit
1124 2901 1180 2968 ΒΟ
1195 2902 1294 2984 duplo
1320 2902 1380 2965 BL.
1397 2902 1439 2965 Et
1462 2903 1549 2982 quio,
1566 2910 1602 2966 at

437 3012 490 3078 ΡΗ
514 3010 651 3085 ati-HG,
673 3012 720 3076 ito
742 3012 794 3078 BC
818 3013 860 3076 ad
879 3011 952 3087 cL;
971 3012 1036 3076 erit
1053 3010 1280 3092 componendo
1303 3013 1336 3073 el
1358 3001 1602 3084 convertendo,¹

435 3128 469 3187 ot·
490 3122 565 3198 EG,
587 3122 649 3187 boe
671 3128 720 3187 est
736 3122 775 3194 N,
793 3122 834 3186 ad
857 3121 922 3195 Gli,
945 3122 992 3185 ita
1016 3121 1068 3188 CL
1088 3121 1129 3184 ad
1148 3120 1210 3193 LB,
1229 3119 1292 3183 hoo
1314 3124 1365 3183 est
1388 3117 1451 3184 CM
1473 3118 1514 3181 ad
1533 3117 1600 3186 ΒΟ.

434 3228 514 3296 tum
546 3233 659 3293 autem
682 3228 745 3295 GM
768 3229 866 3311 dupla
890 3230 933 3292 sit
948 3228 991 3292 ed
1011 3227 1074 3301 Le,
1095 3226 1142 3300 or,
1161 3227 1305 3308 spatium
1330 3225 1391 3293 GM
1414 3244 1485 3291 essa
1507 3225 1599 3297 illud,

433 3340 518 3421 qaod
538 3356 587 3403 a.
610 3338 723 3403 mobili
746 3341 898 3402 veniente
921 3355 963 3401 ex
987 3338 1011 3400 L
1036 3341 1109 3417 post
1132 3352 1246 3399 absum
1277 3335 1328 3401 La
1363 3333 1538 3414 oonflailor
1564 3333 1599 3397 in

434 3448 536 3526 piam
553 3444 609 3512 Cb)
625 3450 779 3526 ‘temporo
809 3459 906 3510 ausus
935 3461 1000 3525 per.
1014 3443 1085 3516 [ῦς
1107 3449 1139 3507 et
1162 3443 1278 3508 eodem
1301 3444 1428 3510 ratione
1451 3440 1507 3508 ΒΟ
1529 3458 1601 3506 esse

434 3556 523 3634 illud,
541 3554 629 3637 quad
650 3553 826 3618 oonboitur
843 3559 914 3635 post
930 3570 1044 3618 casam
1065 3552 1117 3616 [Β
1142 3553 1174 3616 in
1197 3558 1343 3633 tempore
1363 3552 1600 3634 aequali-tem-
1668 3574 1679 3597 r

433 3666 498 3754 pori
523 3680 625 3729 casus
641 3680 697 3744 per
719 3663 788 3735 bb,
803 3678 883 3760 oum
897 3659 952 3726 ΒΟ
975 3663 1023 3725 sit·
1041 3662 1140 3743 bopto
1160 3662 1201 3724 ad
1221 3659 1289 3737 BL3
1313 3678 1393 3745 erpo
1417 3667 1505 3743 patet
1524 3679 1599 3741 pro-

431 3774 588 3853 positum.
847 3779 852 3791 ’

519 3990 617 4065 stop.
639 3990 750 4055 Pormi
775 3994 964 4054 veromente
987 3991 1048 4054 ohe
1072 3990 1233 4053 concedar
1256 3990 1282 4053 si
1309 3998 1404 4069 possa
1428 3988 1459 4051 ol
1484 3992 1596 4050 nostro
1669 4037 1674 4044 .

409 4100 670 4174 Aooadomioo,
693 4100 754 4162 ohe
777 4097 842 4181 egli
867 4115 964 4161 sanzo
984 4097 1134 4179 jaltonaa
1168 4097 1265 4161 abbia
1291 4096 1340 4159 nel
1365 4094 1526 4177 principio
1561 4094 1593 4157 di

401 4212 546 4292 questo
568 4224 630 4270 suo
653 4199 790 4271 trattato
815 4211 929 4288 poluto
952 4207 1135 4272 attribuirsi
1160 4208 1192 4271 di
1216 4208 1379 4271 arreooroi
1400 4225 1466 4271 una
1485 4225 1594 4272 nuova

392 4328 560 4391 scieura
588 4324 761 4408 intornopa
785 4341 830 4388 un
854 4327 1004 4407 soggetlo
1028 4324 1266 4388 antichissimo.
1289 4324 1316 4387 E
1336 4324 1359 4387 il
1381 4323 1498 4388 vedere
1531 4341 1593 4388 aon

393 4438 553 4517 quanta
577 4428 701 4498 tettottb
723 4451 742 4497 a
764 4434 936 4502 ohiarezaa
955 4433 998 4496 do
1014 4451 1058 4498 un
1078 4434 1149 4497 sola
1166 4433 1418 4514 sempliaissimo
1436 4433 1595 4517 principio

388 4544 453 4607 εἰ
479 4542 616 4629 deduco
631 4542 664 4607 la
686 4543 934 4608 dimostrazioni
958 4544 991 4606 di
1017 4549 1107 4606 tanto
1131 4543 1371 4624 proposizioni‚
1397 4544 1440 4607 mi
1473 4544 1505 4607 la
1528 4561 1592 4607 non

396 4660 512 4729 12000
547 4652 780 4734 maravtgttare
814 4669 909 4716 coma
934 4652 977 4715 tal
1004 4652 1142 4715 materia
1165 4652 1215 4718 sia
1239 4659 1369 4733 passata
1404 4655 1522 4717 intuita
1552 4653 1593 4716 da

399 4761 637 4843 Archimede,
662 4761 848 4843 Apollonio,
870 4761 1007 4826 Euclide
1031 4780 1049 4823 e
1074 4762 1154 4826 tanti
1172 4762 1247 4839 altri
1268 4763 1468 4828 matematiai
1485 4778 1502 4824 e
1520 4759 1593 4824 blo·
