3925 5784
760 729 914 777 cronruru
937 730 1056 807 rnnzn
1266 726 1267 729 ’
1367 712 1369 715 ⁴
1430 715 1494 781 207

410 851 461 916 Sit
484 850 858 933 plenumhorizontele,
880 852 914 914 in
938 868 1004 931 quo
1027 849 1142 914 datum
1162 850 1204 915 sit
1228 850 1395 932 quodlibet
1415 870 1494 934 spn-

333 961 407 1025 tium
442 961 494 1027 BC
531 956 627 1045 (Fip.
650 959 747 1047 89),
774 968 806 1025 et
834 978 876 1025 ex
905 962 1048 1025 termino
1078 961 1103 1023 B
1133 960 1176 1024 sit
1212 960 1498 1042 perpendiculum,

331 1071 354 1133 in
376 1087 445 1151 quo
470 1071 526 1134 ΒΑ
549 1070 593 1134 sit
615 1071 793 1135 dimidium
817 1071 922 1153 ipsius
945 1069 1008 1135 BC.
1025 1070 1118 1142 Dico,
1136 1075 1276 1151 tempus,
1293 1087 1359 1151 quo
1375 1070 1498 1135 mobile

329 1194 365 1240 er·
385 1180 416 1241 Α
440 1180 620 1243 demissum
644 1178 798 1243 conficiet
817 1179 916 1242 ambo
931 1177 1039 1258 spatio
1060 1178 1125 1251 ΑΒ,
1142 1176 1204 1249 ΒΟ,
1221 1193 1291 1241 esse
1307 1179 1495 1260 temporum

328 1288 470 1349 omnium
506 1286 763 1361 Brevissimum,
796 1286 917 1366 quibus
941 1284 1028 1347 idem
1053 1284 1200 1364 spolium
1224 1284 1274 1350 BC
1298 1302 1376 1349 cum
1402 1292 1495 1367 parte

330 1394 560 1475 perpendiculi,
583 1393 654 1458 sive
676 1394 808 1476 mojori,
832 1394 903 1457 sive
927 1392 1056 1455 minori
1072 1396 1166 1472 perte
1190 1393 1245 1456 AB
1264 1392 1494 1457 conficeretur.

328 1500 367 1565 Sil
390 1507 526 1584 sumpte
552 1502 668 1584 major,
691 1508 728 1572 ut
751 1504 785 1567 in
810 1503 917 1585 prima
940 1500 1072 1584 figura,
1096 1502 1148 1566 vel
1175 1504 1303 1578 minor,
1326 1509 1362 1565 ut
1386 1504 1419 1566 in
1444 1521 1496 1568 se·

327 1610 432 1674 cunda
459 1610 525 1675 ΕΒ.
548 1609 795 1677 Ostendendum
820 1616 880 1686 est,
901 1617 1041 1692 tempus,
1059 1611 1365 1691 quoconliciuntur
1388 1614 1495 1695 spatia

324 1716 383 1792 BE,
408 1718 475 1795 BG,
500 1720 629 1803 longius
652 1738 723 1785 esse
747 1727 901 1803 tempore,
926 1740 994 1803 quo
1016 1721 1242 1787 coniiciuntur
1265 1726 1331 1799 ΑΒ,
1355 1727 1417 1792 ΒΟ.
1441 1729 1495 1793 ln·

323 1827 496 1911 telligatur
536 1836 664 1912 tempus
698 1848 755 1912 per
789 1833 844 1896 ΑΒ
867 1849 937 1895 esce
960 1837 997 1894 ut
1022 1833 1099 1905 AB;
1127 1833 1190 1896 erit
1212 1852 1343 1914 quoque
1369 1841 1497 1919 tempus

318 1944 432 2001 nolus
467 1939 502 2002 in
536 1937 731 2003 horizontuli
756 1940 830 2011 ΒΟ,
853 1957 931 2004 cum
954 1939 1006 2006 BC
1031 1940 1129 2021 dupla
1155 1941 1197 2003 sit
1221 1942 1263 2004 ed
1288 1944 1354 2011 ΑΒ,
1381 1950 1414 2008 et
1437 1963 1499 2026 per

316 2046 422 2109 umbo
459 2046 564 2127 spolie
589 2047 671 2112 ABG
708 2052 836 2129 tempus
860 2048 924 2111 erit
946 2048 1047 2128 dupla
1071 2048 1134 2111 ΒΑ.
1161 2047 1209 2112 Sit
1233 2047 1289 2113 ΒΟ
1312 2051 1420 2115 media
1443 2053 1497 2117 in·

314 2156 367 2217 ter
407 2153 486 2228 ΕΒ,
520 2156 586 2218 ΒΑ.
620 2155 694 2220 Erit
717 2155 772 2221 ΒΟ
795 2162 925 2238 tempus
947 2174 1047 2221 cesus
1072 2174 1128 2238 per
1151 2141 1215 2221 ΕΒ.
1251 2158 1299 2223 Sit
1324 2166 1496 2241 praeterea

312 2260 530 2328 horizonlale
552 2264 698 2346 spatium
722 2266 777 2330 BD
799 2267 936 2348 duplum
962 2267 1065 2348 ipsius
1088 2267 1164 2341 ΒΕ;
1188 2273 1337 2344 constat,
1366 2275 1495 2352 tempus

313 2372 429 2454 ipsius
453 2378 526 2454 post
549 2391 664 2439 casum
687 2376 742 2439 ΕΒ
762 2392 835 2439 esse
858 2375 946 2438 idem
969 2374 1034 2439 ΒΟ.
1058 2376 1142 2449 Fiet,
1166 2382 1203 2440 ut
1225 2377 1280 2440 DB
1296 2379 1338 2441 ad
1356 2377 1419 2453 BC,
1436 2396 1495 2443 seu

311 2491 355 2546 ut
379 2482 441 2547 ΕΒ
465 2482 508 2546 ed
531 2484 608 2559 BA,
631 2484 677 2548 ite
701 2484 755 2550 OB
778 2484 821 2548 ad
843 2484 922 2556 BN,
945 2492 978 2547 et
1001 2501 1077 2548 cum
1101 2489 1212 2548 motus
1234 2487 1269 2548 in
1291 2486 1495 2551 horizonlall

312 2592 361 2655 sil
389 2591 599 2672 aequabilis,
622 2592 730 2673 sitque
753 2589 809 2656 ΟΒ
833 2598 962 2673 tempus
987 2609 1044 2673 per
1066 2592 1120 2655 BD
1143 2598 1217 2673 post
1239 2611 1354 2658 casum
1380 2613 1423 2659 ex
1446 2597 1496 2670 E,

313 2699 387 2763 erit
411 2697 470 2765 NB
494 2705 624 2780 tempus
646 2718 705 2782 per
726 2700 777 2766 BC
798 2707 874 2781 wpost
896 2718 1012 2766 casum
1047 2720 1089 2764 ex
1119 2702 1233 2791 eadem
1258 2704 1443 2770 altitudine·
1458 2708 1496 2772 E.

313 2807 376 2872 Ex
401 2824 470 2889 quo
492 2813 633 2883 constet,
656 2808 711 2873 ΟΒ
733 2826 809 2872 cum
835 2808 894 2873 AN
912 2828 983 2874 esee
1003 2814 1132 2891 tempus
1150 2827 1206 2890 per
1226 2812 1328 2885 EBC;
1353 2832 1498 2897 cumque

313 2916 428 2999 dupla
444 2917 501 2980 ΒΑ
516 2916 560 2979 sit
576 2922 706 2997 tempus
730 2934 787 2998 per
809 2916 915 2988 ABG:
938 2916 1176 2980 ostendendum
1203 2917 1418 2998 relinquitur,
1442 2920 1497 2986 OB

310 3042 403 3090 cum
427 3025 485 3090 BN
509 3026 639 3108 majora
661 3043 733 3107 esse
755 3042 856 3107 quam
880 3026 981 3108 dupla
1004 3028 1069 3090 BA.
1098 3026 1181 3092 Cum
1213 3031 1324 3089 autem
1350 3027 1405 3092 OB
1429 3047 1498 3093 me·

314 3136 381 3198 diu
405 3135 451 3198 sit
473 3134 561 3198 inter
584 3134 657 3209 ΕΒ,
695 3136 771 3206 ΒΑ;
808 3134 893 3199 ratio
927 3134 981 3199 ΕΒ
1008 3134 1050 3197 ad
1080 3135 1135 3198 BA
1163 3132 1265 3214 dupla
1288 3141 1338 3199 est
1361 3138 1498 3202 rationis

312 3244 382 3312 OB
406 3246 551 3319 odBA3
574 3249 709 3309 etcum
733 3244 787 3308 ΕΒ
810 3244 853 3307 ad
876 3245 931 3309 BA
954 3245 997 3309 sit
1023 3251 1060 3306 ut
1086 3242 1140 3307 OB
1165 3244 1206 3307 ad
1229 3243 1307 3319 BN,
1330 3246 1517 3329 eritquo·¹

312 3373 391 3439 que
415 3356 503 3420 ratio
525 3353 580 3420 OB
604 3355 645 3418 ud
670 3354 726 3428 BN
749 3354 851 3435 dupla
874 3354 1012 3419 rationis
1039 3352 1093 3417 OB
1118 3352 1158 3415 ad
1183 3352 1264 3427 BA;
1286 3371 1404 3419 verum
1426 3356 1500 3437 ipsa

310 3466 415 3530 ratio
437 3464 493 3530 ΟΒ
516 3464 558 3529 cd
583 3464 643 3529 BN
662 3463 873 3545 componitur
896 3481 938 3527 ex
961 3463 1145 3528 rationibus
1166 3462 1222 3528 OB
1237 3464 1280 3527 ad
1298 3463 1364 3535 BA,
1387 3471 1420 3529 et
1443 3467 1499 3530 AB

312 3576 368 3639 ad
394 3573 474 3641 BN:
498 3591 577 3657 ergo
599 3574 685 3639 ratio
708 3575 763 3638 AB
786 3574 828 3639 nd
851 3572 907 3638 BN
930 3578 981 3637 est
1003 3572 1120 3637 cadem
1142 3590 1221 3637 cum
1238 3572 1368 3638 ratione
1384 3573 1439 3639 OB
1456 3575 1500 3639 ed

316 3685 394 3751 ΒΑ.
420 3687 506 3752 Sunt
528 3686 633 3770 igitur
648 3686 714 3760 ΒΟ,
731 3690 796 3759 ΒΑ,
815 3687 871 3754 BN
890 3694 957 3751 tres
979 3686 1135 3751 continue
1160 3686 1443 3768 proportionales,
1466 3693 1499 3751 et

319 3796 383 3862 ΟΒ
418 3813 497 3861 cum
534 3796 589 3862 BN
624 3797 767 3879 majores
800 3814 900 3877 quam
932 3796 1122 3881 dupla-BA.
1148 3796 1199 3859 Ex
1222 3812 1288 3876 quo
1311 3800 1398 3875 patet
1422 3813 1499 3876 pro-

318 3907 485 3986 positum.

597 4078 774 4140 Turonnur
799 4077 888 4148 xlx,
912 4076 1098 4141 Prorosrrro
1124 4073 1226 4140 XXX.

418 4242 458 4310 Si
480 4264 522 4311 eu
538 4246 646 4328 clipuo
662 4254 782 4328 poncio
804 4246 903 4310 lineae
926 4243 1128 4308 horizoctnlis
1152 4239 1314 4305 descendet
1331 4241 1499 4322 perpendi·
1533 4320 1536 4325 ι

330 4356 447 4431 colom
470 4373 512 4421 cc
533 4354 595 4421 olio
617 4372 690 4420 cero
711 4363 828 4438 puncto
850 4355 884 4417 in
908 4353 1014 4417 eodem
1037 4351 1224 4417 horizontali
1242 4357 1365 4431 sumpto
1380 4349 1500 4414 doceo·
1561 4340 1563 4343 ’

329 4466 405 4529 dum
427 4467 467 4529 rit
487 4465 619 4547 pinnum
640 4482 740 4547 utque
762 4465 804 4529 od
824 4462 1088 4545 perpendiculum,
1111 4480 1171 4544 per
1193 4460 1275 4542 quoti
1294 4458 1405 4524 mobile
1421 4468 1501 4525 tem·

328 4591 404 4655 porc
429 4575 611 4640 brevissimo
633 4592 733 4658 usquc
756 4575 798 4637 oti
809 4572 1067 4655 perpendiculum
1082 4570 1272 4643 Ostendam
1294 4570 1353 4633 tole
1368 4568 1501 4651 planum

338 4685 392 4748 erit
414 4684 510 4759 illud,
534 4682 617 4766 qnod
639 4682 674 4746 dc
695 4682 913 4765 perpendiculo
935 4680 1091 4745 abscindit
1113 4687 1236 4761 portem
1259 4676 1423 4761 aequalem
1453 4677 1502 4740 di-

343 4797 469 4861 eloolioe
492 4796 604 4878 puncti
626 4795 743 4878 oeeepli
765 4796 801 4858 ic
825 4792 1014 4857 lorirocloli
1036 4808 1057 4855 o
1081 4790 1212 4856 termino
1232 4785 1452 4872 perpendiculi.
1582 4869 1585 4874 ,
