3925 5784
402 700 468 768 314
538 783 542 791 Ι
708 676 853 765 υιιιοιιιι
877 721 980 767 neren
1005 721 1107 769 noovs
1132 722 1259 770 somnes

400 843 443 924 gi’
456 843 588 925 ingegni
612 842 862 923 speculationis
882 851 1071 909 veramente
1087 861 1105 907 n
1124 845 1178 909 cbi
1197 864 1263 912 non
1280 844 1441 930 gingnerd
1459 863 1571 913 nuovo

402 955 423 1017 ii
446 953 568 1017 sentire
589 950 651 1015 obe
674 951 707 1015 ln
730 954 856 1018 misum
887 953 975 1018 delia
1002 953 1090 1018 iorzo
1118 954 1206 1019 delio
1230 973 1382 1037 pereossn
1405 958 1433 1020 si
1465 957 1569 1021 debbs

402 1067 559 1148 prendere
581 1082 646 1129 non
667 1063 710 1127 de
731 1065 842 1145 qneiin
856 1065 919 1127 obe
936 1071 1105 1147 perenoie,
1125 1084 1179 1130 ma
1199 1062 1256 1147 pid
1276 1072 1385 1147 presto
1400 1069 1444 1134 dn
1459 1068 1570 1150 qneiio

399 1178 461 1240 obe
475 1176 508 1241 Ιιι
527 1192 678 1257 peroossa
700 1174 830 1239 rioeve?
852 1174 879 1237 E
902 1181 1029 1257 quanto
1050 1176 1105 1239 nil‘
1117 1177 1253 1241 nddotin
1270 1179 1475 1258 esperienze,
1491 1195 1569 1259 pare

399 1284 461 1349 ebe
483 1284 526 1349 da
548 1283 591 1347 lei
614 1285 715 1347 riirer
736 1282 764 1346 si
789 1300 894 1363 posse,
913 1283 1052 1347 inform
1075 1284 1160 1348 delio
1186 1301 1337 1366 pereossn
1359 1303 1468 1351 essere
1492 1286 1570 1349 inii·

402 1393 481 1466 urite,
502 1410 523 1455 o
547 1392 692 1475 vogiiem
715 1390 787 1457 dire
808 1391 1063 1456 indeterminate
1084 1410 1105 1456 o
1127 1393 1425 1470 indeterminabiie,
1446 1413 1464 1458 e
1489 1395 1566 1460 inrsi

399 1520 457 1568 orn
480 1503 608 1567 minore
629 1501 670 1564 ed
692 1518 752 1565 ora
770 1502 950 1581 memore,
966 1501 1110 1565 seoondo
1122 1501 1185 1566 ebe
1202 1502 1267 1566 elia
1282 1502 1382 1568 siene
1401 1504 1568 1585 applicata

399 1611 441 1674 ad
466 1628 532 1674 nnn
556 1610 726 1692 maggiore
748 1626 769 1671 o
791 1610 919 1674 minore
941 1611 1131 1675 resistenzo.

490 1720 585 1784 Sion.
607 1713 669 1785 Gid
693 1720 738 1783 mi
764 1718 890 1799 paredi
910 1720 1145 1800 comprendere
1167 1720 1230 1783 obe
1245 1736 1324 1785 vero
1340 1736 1435 1801 posse
1451 1737 1569 1791 essere.

399 1830 430 1893 ie
455 1828 544 1892 iorza
566 1826 651 1891 deile
676 1841 826 1907 pernosse
849 1843 957 1889 essere
980 1828 1180 1892 immense-o
1195 1829 1343 1902 indnitn3
1358 1826 1567 1910 imperoecbd

398 1936 516 2001 slando
539 1934 625 1998 neiis
642 1941 802 2016 propostn
825 1936 1037 2016 esperienzo‚
1059 1953 1078 2000 e
1101 1935 1179 2026 dato
1202 1934 1264 1999 obe
1287 1936 1308 1998 ii
1334 1936 1443 2017 primo
1475 1937 1570 2018 ooipo

398 2046 563 2111 cenciesse
585 2044 607 2107 ii
632 2043 707 2124 pain
725 2050 864 2125 puniero
884 2044 994 2108 dirae
1016 2046 1040 2107 ii
1063 2048 1206 2109 secondo
1230 2051 1303 2120 ire,
1324 2062 1343 2109 e
1365 2048 1568 2110 continuan-

397 2160 466 2225 dosi
490 2159 521 2223 d’
535 2158 722 2221 ineonirnre
744 2172 873 2236 sempre
895 2157 920 2220 ii
945 2164 1073 2220 terreno
1098 2152 1154 2238 pid
1177 2155 1335 2229 duro‚·ii
1356 2160 1446 2219 terzo
1469 2156 1566 2237 ooipo

398 2269 432 2333 vi
455 2268 546 2332 eaooi
571 2267 595 2330 ii
618 2265 693 2347 pelo
716 2266 780 2329 dne
802 2266 882 2339 dita,
905 2265 929 2329 ii
952 2273 1073 2346 quarto
1096 2282 1198 2329 nnoe
1217 2283 1339 2342 mezzo,
1359 2281 1566 2349 oonsegnen·

378 2373 540 2443 'leniente
567 2393 612 2440 uo
646 2375 694 2439 soi
722 2374 814 2449 dito,
837 2392 883 2439 nn
906 2393 1040 2450 mezzo,
1065 2393 1109 2440 un
1132 2381 1272 2457 quarto,
1295 2393 1355 2451 eo,
1378 2394 1458 2457 pare
1481 2376 1565 2451 obe,

377 2486 530 2568 -quando
552 2502 609 2566 per
632 2484 662 2548 ie
687 2485 827 2547 durezzn
850 2484 901 2547 dei
927 2490 1056 2548 terreno
1078 2484 1111 2547 ie
1134 2485 1311 2548 resisienza
1333 2484 1387 2547 dei
1407 2486 1484 2566 pain
1503 2502 1566 2548 non

397 2599 425 2661 si
449 2595 555 2659 faccia
577 2593 719 2665 infinita,
734 2593 757 2655 ii
776 2594 872 2674 noipo
894 2592 1049 2656 reiterato
1072 2608 1201 2673 sempre
1216 2587 1367 2657 enceierd
1393 2599 1568 2674 perpetue·

394 2710 504 2768 menie
527 2703 549 2767 ii
575 2703 662 2784 pnio,
684 2715 739 2765 me
763 2703 846 2765 bene
870 2718 928 2783 per
950 2699 1053 2781 ispezj
1073 2700 1194 2764 minori
1213 2715 1236 2761 -e
1260 2699 1396 2774 minori;
1417 2717 1473 2763 ma
1496 2717 1567 2782 per·

353 2800 355 2806 ’
395 2812 467 2887 ebe,
489 2814 539 2877 sia
563 2817 689 2893 quanio
711 2810 738 2873 si
763 2809 873 2891 voglio
893 2810 995 2872 breve
1018 2809 1050 2871 lo
1076 2808 1202 2889 sperio,
1218 2802 1239 2869 e
1256 2806 1322 2889 egli
1353 2804 1433 2889 perd
1456 2808 1569 2872 divisi·

397 2923 462 2987 biie
485 2940 504 2984 e
527 2920 756 2986 suddivisibile
779 2936 917 2999 semprn,
940 2918 968 2981 si
992 2920 1256 2982 ooniinuernnno
1278 2917 1310 2980 le
1334 2916 1426 2990 iiiie;
1451 2936 1471 2981 e
1495 2935 1567 2999 per·

396 3028 457 3095 obd
481 3032 512 3093 ia
531 3035 697 3111 seguenie,
714 3028 894 3094 dovendosi
917 3026 987 3090 fere
1009 3044 1071 3090 eon
1091 3021 1111 3088 1’
1124 3025 1286 3107 aggrevio
1300 3024 1333 3087 di
1355 3042 1433 3105 peso
1451 3033 1565 3099 morlo,

397 3141 542 3237 riebiede
566 3157 643 3220 peso
665 3139 837 3221 maggiore
863 3138 925 3200 ebe
960 3126 980 3198 i'
993 3135 1229 3211 antecedere,
1252 3130 1348 3215 poird
1376 3153 1486 3199 essere
1508 3137 1567 3200 ebe

398 3268 454 3331 per
478 3250 671 3330 peregginre
695 3248 726 3310 ie
749 3246 835 3310 iorze
858 3244 933 3310 deii'
946 3245 1064 3309 ultime
1090 3237 1240 3325 pe'roosse
1262 3245 1291 3308 si
1315 3244 1457 3308 ricerobi
1493 3263 1566 3327 peso

398 3357 566 3435 maggiore
587 3374 605 3418 e
630 3357 798 3437 maggiore
815 3356 850 3419 in
870 3356 1044 3419 immenso.

486 3464 581 3528 Srnv.
604 3461 679 3530 Cosi
700 3465 844 3530 erederei
862 3466 895 3530 io
919 3472 1120 3530 veramente.

487 3574 565 3634 Aen.
603 3570 676 3635 Non
701 3569 795 3666 poird
828 3573 961 3654 dunque
995 3591 1102 3639 essere
1129 3575 1308 3639 resistenza
1343 3575 1465 3640 alonna
1499 3571 1564 3638 cosi

396 3682 520 3763 grande
543 3681 604 3744 ebe
626 3683 702 3746 resti
723 3682 816 3746 saida
832 3701 851 3746 e
865 3689 1061 3749 contumace
1080 3691 1197 3748 eontro
1215 3685 1246 3748 ai
1265 3689 1376 3766 potere
1395 3684 1428 3748 di
1446 3686 1562 3749 alcuna

396 3811 545 3874 pernosse
571 3790 696 3859 benobd
720 3793 881 3876 leggono?

418 3961 420 3964 .
485 3902 579 3967 Snnv.
602 3903 707 3967 Penso
730 3902 764 3967 di
788 3921 852 3976 no,
875 3922 909 3967 se
931 3904 1043 3986 qneiio
1065 3905 1101 3968 in
1124 3904 1186 3968 obe
1213 3906 1240 3969 si
1270 3911 1426 3985 pereunte
1462 3900 1565 3969 nond

395 4010 447 4074 dei
472 4016 559 4074 iulio
581 4011 769 4086 immobile,
792 4009 865 4076 eine
887 4031 953 4076 non
975 4009 995 4076 d
1017 4013 1050 4077 ie
1072 4030 1134 4076 sun
1157 4014 1334 4078 resistenre
1357 4013 1501 4078 iniinitn.

485 4120 578 4185 Sede.
601 4121 760 4194 Mirabiii.
782 4140 800 4184 e
824 4138 881 4203 per
896 4123 996 4187 modo
1012 4121 1045 4186 di
1065 4124 1135 4188 dire
1152 4123 1330 4205 prodigiosi
1348 4124 1472 4206 pejono
1486 4142 1562 4206 que·

395 4230 435 4291 sti
453 4228 569 4293 asserii
593 4245 611 4289 e
634 4228 696 4290 ebe
719 4228 740 4291 i’
753 4235 824 4292 orie
847 4231 880 4293 in
905 4237 1023 4311 questo
1041 4231 1111 4295 solo
1127 4233 1238 4297 edotio
1255 4234 1365 4313 superi
1382 4250 1401 4295 e
1417 4232 1562 4297 defraudi

396 4338 427 4399 ie
451 4343 591 4412 notura,
613 4355 692 4401 eosa
713 4338 775 4401 ebe
798 4338 885 4402 neila
910 4341 1016 4421 prime
1040 4358 1224 4423 apparenza
1249 4360 1308 4423 per
1329 4342 1391 4406 ebe
1416 4342 1563 4407 facoinno

394 4446 468 4507 nitri
493 4448 667 4511 strumenti
693 4448 873 4512 mecoeniei
909 4467 1053 4525 ancora,
1077 4452 1244 4517 oizandosi
1275 4453 1466 4533 gravissimi
1498 4454 1559 4535 pesi

395 4569 458 4613 eon
483 4570 563 4631 poca
588 4552 676 4616 soree
701 4554 733 4617 in
755 4552 841 4619 virid
867 4557 951 4619 deria
976 4558 1060 4633 ievn,
1084 4559 1170 4622 dolia
1196 4562 1272 4634 vile,
1296 4559 1384 4624 deiia
1404 4562 1506 4645 iogiin
1526 4561 1560 4623 ed

395 4658 493 4721 nitri:
519 4677 571 4722 rna
595 4661 627 4723 in
652 4669 767 4742 questo
790 4664 901 4727 effetio
922 4665 1011 4727 delia
1036 4684 1197 4747 pernosse,
1220 4667 1282 4730 eire
1307 4668 1402 4749 poobi
1424 4672 1510 4752 erripi
1531 4671 1557 4731 di

394 4766 546 4829 moriello
572 4786 635 4832 non
661 4768 716 4848 piir
740 4778 875 4850 pesanle
898 4774 929 4834 di
958 4774 998 4835 ii)
1022 4793 1042 4835 o
1069 4774 1110 4837 12
1130 4776 1233 4838 iibbre
1257 4778 1400 4841 abbiano
1426 4780 1467 4843 nd
1495 4797 1558 4842 nm·
1589 4852 1591 4857 .
