3925 5784
393 682 464 758 236
699 702 844 750 niasocm
868 704 969 750 111111
994 702 1099 750 uuovn
1121 703 1246 750 scisura

395 829 440 916 ita
464 828 610 907 ipsarum
635 824 786 897 dimidia,
808 842 923 905 nempe
947 825 1003 889 CA
1026 825 1068 888 ad
1085 825 1164 898 Allr
1187 828 1353 890 utentem
1370 824 1485 889 uttan
1507 825 1575 899 BL,

394 938 442 1000 ita
465 938 520 1001 BA
543 936 585 999 ad
609 934 683 999 AS:
707 951 786 1015 ergo
808 951 851 998 ex
874 936 1015 1015 aequali,
1034 939 1070 999 ut
1089 935 1144 1000 cti
1160 934 1203 998 ad
1219 934 1284 1012 BL,
1302 935 1350 997 ita
1367 933 1423 1001 Cli
1439 934 1483 997 ad
1508 933 1576 1005 AS,

396 1050 457 1114 boc
481 1052 541 1123 est,
565 1052 601 1110 ut
626 1049 830 1110 momentum
853 1046 1032 1109 celeritatis
1058 1046 1090 1108 in
1114 1044 1139 1111 C
1164 1043 1206 1108 ad
1226 1049 1430 1108 momentum
1447 1041 1572 1107 celeri·

398 1159 476 1222 tetis
499 1158 533 1222 in
552 1159 589 1233 B,
605 1158 653 1220 ita
675 1154 732 1221 CA
755 1154 798 1218 ad
822 1155 889 1229 Asr
904 1154 975 1219 boe
999 1159 1071 1231 est,
1095 1160 1225 1236 tempus
1249 1170 1308 1235 per
1329 1152 1386 1219 CA
1408 1154 1451 1217 ud
1484 1156 1576 1215 tcm-

397 1286 458 1350 pus
481 1286 539 1350 per
562 1268 626 1332 ΑΒ.
650 1267 744 1331 Patet
766 1265 879 1346 itaque
897 1265 985 1329 ratio
1008 1262 1222 1329 mensurandi
1248 1263 1420 1343 impetum,
1438 1277 1498 1324 seu
1514 1276 1574 1322 ee·

285 1459 288 1465 Ι
399 1373 539 1444 leritatis
561 1379 765 1440 momentum
791 1391 890 1456 super
912 1374 1012 1447 linea,
1035 1374 1070 1438 iu
1094 1390 1161 1455 qua
1185 1372 1223 1437 lit
1247 1378 1358 1437 motus
1375 1370 1573 1441 descensum

274 1479 277 1484 ’
398 1487 611 1570 quiquidem
635 1487 779 1566 impetus
802 1484 934 1565 ponitur
957 1484 1074 1566 angeri
1099 1500 1157 1564 pro
1179 1482 1308 1548 ratione
1330 1480 1500 1562 temporis.

488 1597 550 1660 llio
573 1599 696 1671 eutem,
714 1601 894 1674 antequam
915 1593 1057 1657 ulterius
1072 1591 1337 1676 progrediamur,
1352 1605 1572 1671 praemonen-

400 1707 479 1771 dum
504 1710 564 1781 est,
586 1703 675 1784 quod
699 1720 775 1767 eum
799 1702 840 1766 de
862 1706 954 1768 motu
971 1702 1156 1784 composito
1171 1718 1212 1764 ex
1228 1697 1399 1780 aequabili
1416 1696 1578 1760 bonizon-

402 1816 481 1887 tali,
503 1822 536 1878 et
559 1833 601 1878 ex
623 1813 821 1878 naturaliter
843 1813 1029 1878 accelerato
1054 1812 1210 1877 deorsum
1238 1810 1372 1874 iuturus
1395 1808 1439 1873 sit
1462 1824 1575 1871 sermo

403 1920 466 2008 (ex
489 1910 657 1985 tali'enim
682 1921 843 1985 mixtione
866 1920 1041 1993 condatur,
1056 1938 1095 1984 ao
1113 1919 1306 2002 designatur
1321 1916 1407 1981 linea
1425 1914 1575 1997 proJeoti‚

403 2047 519 2112 nempe
539 2026 737 2116 parabola),
761 2047 894 2094 necesse
917 2029 1078 2093 babemus
1101 2026 1239 2093 definire
1255 2026 1401 2107 aliquam
1418 2041 1574 2089 eommu-

403 2154 477 2202 nem
496 2151 697 2209 mensarum,
709 2135 809 2219 juxta
828 2153 928 2217 quam
946 2136 1120 2218 utriusque
1140 2140 1250 2200 motus
1268 2133 1490 2206 velocitatem,
1509 2134 1575 2197 im·

404 2249 538 2335 petum,
561 2260 620 2308 seu
646 2250 854 2318 momentum
881 2243 1032 2312 dimetiri¹
1062 2243 1245 2309 valeamus.
1268 2240 1575 2323 denunciationis

402 2353 584 2436 aequabitis
608 2353 774 2435 innumeri
797 2353 865 2418 sint
886 2353 1074 2419 velocitatis
1098 2352 1233 2435 gradus,
1254 2369 1397 2434 quorum
1412 2369 1478 2418 non
1498 2354 1576 2435 qui·

404 2462 483 2534 libet
505 2460 654 2536 fortuito,
677 2460 733 2525 sed
758 2478 844 2525 unus
867 2479 909 2524 ex
931 2461 1009 2525 illis
1023 2461 1206 2526 innumeris
1228 2477 1308 2526 eum
1332 2462 1439 2544 gradu
1454 2461 1579 2526 celeri·

403 2569 482 2636 tatis
505 2585 563 2649 per
585 2571 713 2632 motum
735 2568 933 2632 naturaliter
955 2568 1188 2635 acceleratum·
1211 2568 1375 2649 acquisito
1396 2568 1441 2633 sit
1461 2568 1578 2634 coufe-

403 2677 526 2745 rendus
548 2680 581 2739 et
603 2677 870 2771 conjungendum
894 2677 1022 2741 nullam
1057 2676 1242 2743 faciliorem
1264 2678 1354 2743 vium
1379 2680 1578 2764 excogitare

406 2786 497 2866 potui
522 2803 581 2866 pro
603 2804 643 2851 eo
664 2786 825 2870 eligendo,
849 2792 948 2868 atque
970 2787 1232 2866 determinando,
1248 2805 1350 2871 quam
1366 2789 1470 2855 alium
1487 2790 1579 2874 ejus·

405 2891 479 2958 dem
505 2895 633 2975 generis
657 2893 864 2959 assumendo.
889 2895 932 2960 Ut
954 2885 1067 2960 autem
1089 2896 1214 2961 clarius
1239 2914 1292 2960 me
1316 2898 1503 2979 explicem3
1524 2900 1578 2964 in·

404 3003 574 3087 telligatur
599 3003 880 3086 perpendicularis
899 3004 953 3071 Ac
973 3000 1068 3087 (Fip.
1087 3007 1149 3070 111
1165 3003 1175 3090 )
1191 3005 1233 3069 ud
1250 3006 1491 3071 horizontulcm
1507 3007 1576 3075 CB:

406 3113 458 3184 AC
483 3131 561 3178 vero
584 3131 655 3182 esse
678 3113 911 3189 altitudinem,
935 3114 987 3181 du
1011 3120 1125 3179 autem
1147 3115 1403 3196 amplitudinem
1424 3117 1576 3199 semipa-

405 3222 539 3286 rabolae
560 3223 639 3297 AB,
660 3239 746 3302 quae
770 3223 968 3287 describitur
990 3241 1010 3292 a
1033 3224 1272 3318 compositione
1295 3224 1440 3290 duarum
1462 3204 1578 3291 'latio-

406 3347 510 3404 num;
533 3348 674 3411 quarum
711 3347 777 3393 una
806 3336 856 3395 est
879 3332 1010 3397 mobilis
1045 3333 1271 3398 descendentis
1306 3351 1364 3415 per
1396 3333 1452 3402 AG
1485 3341 1578 3400 motu

406 3439 604 3505 naturaliter
619 3440 803 3504 accelerato
825 3457 868 3502 ex
889 3443 1000 3521 quiete
1022 3443 1056 3506 in
1080 3446 1131 3517 u;
1154 3443 1258 3506 ultera
1273 3449 1322 3508 est
1338 3449 1450 3509 motus
1467 3448 1578 3509 trans-

407 3546 546 3612 versatis
567 3547 748 3627 aequabilis
766 3548 866 3629 juxta
890 3549 1127 3616 horizontulem
1147 3552 1211 3620 Ab.
1233 3553 1378 3635 impetus
1395 3556 1578 3635 acquisitus

408 3656 443 3720 in
466 3653 490 3720 C
516 3653 789 3735 perdescensum
812 3656 867 3723 AC
896 3657 1136 3724 determinatur
1162 3677 1183 3723 a
1209 3661 1395 3742 quantitate
1430 3661 1577 3743 ejusdem

407 3763 594 3833 altitudinis
608 3762 694 3839 AC,
719 3782 804 3830 unus
827 3767 916 3830 enim
939 3774 1039 3849 atque
1069 3768 1157 3838 idem
1185 3775 1236 3833 cst
1266 3786 1396 3851 semper
1435 3771 1580 3853 impetus

409 3871 540 3938 mobilis
563 3889 603 3937 ex
629 3873 745 3938 eadem
771 3874 948 3942 altitudine
982 3876 1155 3942 cadentis:
1179 3896 1296 3944 verum
1321 3880 1355 3943 in
1369 3879 1579 3946 bonizoutuli

409 3998 474 4046 non
498 3998 606 4055 uuus,
629 3982 688 4056 sed
709 3982 875 4050 innumeri
897 3984 1060 4066 assignari
1085 3992 1221 4066 possunt
1244 3988 1367 4069 gradus
1392 3989 1578 4055 velocitatis

411 4096 560 4161 motuum
583 4094 808 4173 aequabilium
820 4112 830 4168 ;
840 4110 889 4168 ex
903 4111 1045 4175 quorum
1070 4097 1295 4172 multitudine,
1312 4102 1350 4162 ut
1366 4098 1464 4164 illum
1478 4116 1578 4181 quens

408 4199 537 4283 elegero
560 4218 579 4264 a
601 4202 739 4283 reliquis
761 4220 957 4285 segregare,
979 4210 1014 4268 et
1036 4206 1131 4285 quasi
1155 4206 1262 4289 digito
1294 4212 1480 4279 monstrare
1505 4228 1580 4292 pos·

410 4304 494 4379 sim,
508 4305 716 4376 altitudinem
742 4307 798 4379 CA
822 4310 856 4372 in
879 4310 1014 4380 sublimi
1032 4314 1220 4391 extendam,
1235 4315 1270 4379 in
1285 4334 1362 4397 qua,
1379 4324 1478 4398 pmut
1495 4336 1579 4401 opus

410 4410 522 4489 fuerit,
544 4416 780 4486 sublimitatem
806 4419 862 4485 ΑΕ
886 4418 1039 4496 firmabo,
1062 4440 1105 4485 eu
1127 4440 1194 4505 qua
1212 4426 1241 4489 si
1264 4425 1386 4491 cadens
1410 4445 1453 4491 ex
1468 4430 1580 4509 quiete

410 4522 444 4584 in
469 4522 496 4585 E
519 4530 628 4596 mente
661 4528 869 4608 concipiam,
895 4534 1005 4612 patet,
1032 4532 1192 4613 impetum
1222 4536 1295 4619 ejus
1322 4537 1355 4600 in
1386 4538 1577 4603 terminoll

411 4634 610 4723 acquisitum
636 4654 737 4706 unum
762 4655 842 4714 esse,
865 4657 942 4704 eum
965 4659 1032 4722 quo
1056 4642 1145 4708 idem
1162 4641 1291 4720 mobile,
1311 4664 1369 4728 pcr
1387 4646 1578 4711 horizonta-

412 4742 473 4808 lem
499 4744 556 4807 ΑΙ)
580 4762 788 4825 conversum,
812 4749 887 4816 ierri
912 4754 1274 4836 conceperu;·ejusquc
1297 4758 1438 4838 gradum
1462 4756 1578 4821 celeri-
