3925 5784
976 627 995 664 0
1468 616 1472 630 .

766 710 917 758 ιιιιιιιιιιι
942 710 1053 758 ranna.
1336 773 1338 779 k
1425 694 1487 757 toti

337 836 373 897 tio
392 832 576 914 spatiorum
601 836 808 912 peractorum
832 831 932 914 dupla
956 836 1006 895 est
1031 830 1166 894 rationis
1190 835 1387 912 temporum,
1401 831 1491 912 quml

332 950 391 1006 arat
414 941 721 1008 demonstrandum.
818 991 822 996 .
1209 993 1214 1006 ,

411 1053 508 1117 Patet
529 1050 631 1114 etiam
654 1049 755 1124 bine,
777 1052 915 1116 eandem
939 1051 1123 1132 spatiorum
1148 1052 1310 1116 rationem
1333 1068 1404 1115 esse
1428 1051 1493 1115 tiu·

331 1161 410 1242 ptam
449 1159 589 1238 rationis
624 1159 847 1226 maximorum
879 1159 1045 1241 graduum
1078 1159 1288 1234 velocitatis:
1310 1176 1430 1240 nempe
1452 1160 1493 1221 li-

330 1286 463 1331 nearum
487 1267 552 1343 PE,
573 1266 643 1340 01),
667 1284 745 1330 eum
767 1268 816 1332 sit
834 1267 887 1330 PE
911 1265 954 1330 ad
978 1266 1047 1340 01),
1071 1273 1109 1330 ut
1133 1266 1191 1331 ΕΛ
1214 1265 1258 1330 ad
1281 1267 1349 1332 DA.
1476 1303 1479 1314 ·

773 1423 1001 1501 Gonoauamau
1024 1435 1047 1498 l.

397 1595 504 1674 ¹Hine
527 1595 738 1676 manifestum
754 1602 816 1671 est,
833 1593 921 1675 quod
937 1595 963 1657 si
982 1563 1105 1658 luerint
1121 1600 1334 1675 quotcunque
1350 1599 1498 1674 tempora

330 1705 484 1786 aequalia
499 1709 748 1784 ,consequenter
771 1709 904 1786 sumpta
927 1720 947 1766 a
971 1704 1080 1783 primo
1101 1703 1240 1766 instanti
1258 1720 1317 1766 seu
1338 1703 1501 1785 principio

329 1809 470 1888 lationis,
495 1815 534 1880 ut
558 1814 638 1892 puta
659 1809 733 1884 ΑΙ),
753 1810 829 1884 DE,
851 1809 917 1884 EF,
940 1806 1018 1885 FG,
1037 1811 1158 1891 quibus
1178 1809 1401 1874 conficiantur
1423 1828 1501 1892 spa·

332 1918 377 1994 tia¹
396 1918 466 1993 HL,
491 1917 665 2002 Latuit,
687 1918 745 1990 Nl,
771 1918 842 1999 ipsa
866 1918 982 1998 spatia
997 1918 1204 1982 eruntinter
1226 1936 1285 1993 se,
1309 1925 1347 1983 ut
1370 1921 1499 1983 numeri

331 2027 474 2108 impares
492 2028 541 2100 ¹ab
563 2027 704 2103 unitate,
726 2028 854 2092 scilicet
878 2033 916 2094 ut
941 2027 971 2101 1,
995 2027 1029 2100 3,
1051 2028 1082 2098 ὅ.
1107 2030 1139 2092 7.
1163 2029 1251 2092 Ηιιιιο
1270 2028 1359 2092 enim
1375 2035 1426 2092 est
1446 2048 1502 2092 ra·

333 2135 375 2198 tio
399 2136 863 2218 excessuumquarlratorum
889 2135 1053 2200 linearum
1088 2153 1159 2200 sese
1193 2136 1376 2216 aequaliter
1404 2154 1504 2200 exee-
1588 2179 1591 2184 ·

331 2242 479 2330 dentium
495 2290 503 2316 ,
521 2249 555 2308 et
576 2262 718 2326 quarum
742 2260 900 2310 excessus
915 2249 965 2308 est
981 2245 1130 2325 aequalia
1154 2244 1312 2308 minimae
1325 2246 1501 2327 ipsarum:

333 2372 388 2419 seu
404 2354 560 2436 dicamne
574 2355 814 2436 quadratorum
830 2371 901 2441 qese
916 2357 959 2421 ab
975 2355 1103 2419 unitate
1118 2356 1402 2436 consequentium.
1415 2357 1502 2420 Dum

335 2464 436 2546 igitur
465 2463 597 2547 gradus
631 2465 818 2536 velocitatis
851 2470 1016 2545 augentur
1042 2464 1142 2545 juxta
1169 2466 1286 2528 seriem
1317 2465 1503 2545 simplicem

334 2591 547 2658 numerorum
572 2575 607 2640 ia
632 2575 835 2655 temporibus
859 2575 1077 2654 aequalibus,
1100 2574 1207 2655 spatia
1227 2578 1364 2654 peraeta
1389 2575 1504 2637 iisdem

336 2685 537 2768 temporibus
560 2685 764 2749 incrementa
788 2685 974 2765 auaeipiunt
1004 2684 1102 2764 iuxta
1137 2684 1256 2748 seriem
1292 2699 1507 2746 numerorum
1582 2719 1585 2724 -

337 2792 514 2873 imparium
539 2794 581 2858 ab
604 2794 744 2857 unitate.

422 3012 518 3080 Saea.
542 3013 741 3095 Sotbeadete
765 3015 799 3078 in
824 3016 938 3098 grazia
960 3015 1119 3097 alquanto
1144 3019 1175 3081 le
1199 3019 1344 3093 lettura,
1379 3025 1506 3082 mentre

340 3124 368 3186 io
388 3140 435 3190 vo
456 3123 705 3204 gbiribiazando
729 3124 861 3190 intorno
887 3143 906 3188 a
930 3130 1024 3188 certo
1046 3132 1200 3189 eoneetto
1225 3143 1287 3207 pur
1307 3144 1368 3190 ora
1392 3144 1507 3189 casea·

340 3236 415 3300 torni
439 3234 474 3299 ia
497 3240 630 3309 mente,
646 3251 710 3316 -per
733 3235 766 3298 la
788 3235 998 3317 spiegazione
1021 3235 1072 3298 del
1092 3236 1214 3315 quale,
1239 3252 1295 3317 per
1320 3216 1427 3298 mia'e
1451 3253 1508 3316 per

338 3351 451 3414 taetra·
468 3341 525 3428 pib
541 3345 658 3410 chiara
680 3346 903 3430 intelligam,
919 3347 952 3411 io
968 3364 1013 3410 un
1033 3363 1116 3427 poco
1132 3348 1165 3411 eli
1184 3347 1321 3429 disegno
1337 3344 1424 3431 (Fiq.
1441 3345 1509 3431 48),

338 3454 418 3519 love
441 3454 488 3518 mi
514 3453 623 3537 ligure
646 3472 703 3537 per
726 3455 759 3520 la
781 3456 868 3520 linea
896 3455 939 3519 Al
975 3455 1008 3518 la
1041 3457 1376 3521 continuaaione-rlel
1399 3459 1510 3537 tempo

338 3563 421 3645 lopo
444 3562 467 3626 il
492 3562 600 3643 primo
634 3563 777 3628 instante
800 3564 835 3628 in
859 3567 910 3637 Α;
934 3563 1134 3645 applicanda
1158 3566 1210 3647 poi
1235 3566 1268 3629 in
1294 3568 1344 3639 b,
1368 3543 1510 3632 seeundo

338 3670 558 3754 qualsivoglia
582 3673 714 3755 angelo,
731 3671 765 3737 la
783 3678 871 3737 retta
894 3675 949 3738 AF
969 3692 988 3736 e
1010 3674 1265 3756 eongiugnendo
1287 3676 1298 3739 i
1324 3678 1455 3740 termini
1481 3679 1508 3745 l.

339 3778 381 3855 l,
403 3779 516 3845 diviso
540 3780 562 3843 il
588 3784 699 3863 tempo
722 3781 765 3845 Al
789 3782 822 3845 in
848 3798 960 3846 mezzo
984 3782 1017 3845 in
1046 3780 1093 3850 C,
1130 3783 1194 3845 tiro
1217 3782 1248 3844 la
1273 3782 1325 3848 cb
1351 3782 1509 3863 parallelo

339 3888 401 3952 alla
423 3888 477 3954 lli.
500 3887 747 3956 considerando
770 3871 822 3970 poi
847 3890 878 3954 la
902 3891 954 3956 oa
981 3907 1076 3956 come
1101 3890 1204 3972 gratio
1228 3891 1389 3953 massime
1423 3889 1509 3952 della

340 3990 492 4071 arionita,
515 3996 577 4060 ebe
600 3996 834 4062 eomineiaudo
853 3997 942 4062 delle
957 3999 1079 4079 quiete,
1096 3997 1148 4062 nel
1165 3998 1272 4078 primo
1290 3999 1434 4060 instante
1457 3995 1509 4060 del

340 4113 448 4190 tempo
471 4109 512 4182 A,
535 4108 561 4172 si
585 4103 964 4187 andbaugumentando
982 4107 1126 4172 meando
1147 4105 1171 4169 il
1195 4105 1413 4168 creseimento
1427 4106 1511 4169 ‹lelle

341 4215 498 4296 parallele
521 4216 588 4279 alla
610 4216 674 4287 BC,
698 4214 849 4295 prodotte
874 4214 926 4277 nel
951 4214 1115 4297 triauqolo
1138 4210 1218 4276 ABG
1243 4207 1329 4295 (ebe
1352 4206 1371 4272 e
1394 4211 1415 4273 ll
1441 4229 1511 4275 me·

338 4326 464 4393 desimo
486 4325 549 4389 abe
570 4342 719 4390 erescere
743 4325 886 4388 secondo
908 4323 971 4387 ebe
993 4341 1105 4388 cresee
1126 4323 1151 4385 il
1176 4317 1325 4404 tempo),
1351 4326 1512 4385 ammetto

335 4450 435 4502 senza
458 4434 698 4511 controversia,
720 4450 777 4514 per
800 4434 811 4496 i
834 4432 972 4496 diseersi
998 4432 1071 4495 fatti
1094 4431 1144 4495 eia
1168 4429 1238 4510 qui,
1255 4430 1319 4492 ebe
1342 4428 1375 4491 lo
1397 4428 1511 4509 epazio

332 4551 475 4625 bassulo
509 4545 563 4610 dat
598 4544 718 4609 mobile
751 4542 890 4607 eadente
918 4558 980 4605 eon
1006 4541 1036 4604 la
1063 4533 1206 4603 veloeitai
1228 4538 1434 4602 aeoresoiuta
1459 4538 1512 4600 nel

330 4656 429 4724 (letto
450 4656 551 4722 modo
568 4656 707 4722 sarebbe
734 4654 857 4735 equale·
870 4650 937 4714 allo
957 4651 1071 4731 spazio
1088 4648 1368 4730 obepasserebbe
1393 4646 1416 4709 il
1443 4662 1512 4707 me·

326 4768 468 4835 desimo
482 4767 615 4842 mobile,
630 4764 767 4848 quando
780 4764 806 4828 si
824 4762 913 4826 lasse
933 4760 986 4824 ael
1003 4760 1183 4825 medesimo
1202 4764 1312 4840 tempo
1330 4755 1383 4822 AG
1405 4770 1512 4818 mosso

463 4870 590 4926 (laruae
609 4869 737 4924 (intrant.
759 4898 791 4908 -
812 4866 843 4919 T.
863 4864 944 4919 ΧΙΙΙ.
1393 4861 1427 4909 22
