3925 5784
393 682 459 750 280
719 699 865 748 usnnosnt
888 699 990 748 unuin
1013 698 1118 746 nnovn
1140 691 1269 748 misses

849 877 1036 941 Pnonoemto
1060 875 1113 943 Vl.
1141 965 1157 988 υ

483 1049 522 1114 Si
544 1050 777 1130 enaqeitudines
800 1059 1002 1132 quotcunque
1026 1050 1071 1113 itu
1093 1058 1276 1121 sumuntur,
1291 1056 1327 1111 ut
1350 1045 1491 1110 secunda
1505 1044 1567 1107 ad·

395 1162 448 1226 dat
470 1179 566 1243 super
584 1161 723 1242 prinam
748 1160 878 1242 triplum
897 1160 1041 1242 primae,
1066 1159 1161 1224 tertia
1183 1176 1257 1224 oero
1279 1174 1374 1239 rupee
1401 1153 1571 1220 secuudum

395 1271 490 1338 addat
512 1270 715 1354 quintuplum
746 1270 887 1351 primae,
923 1278 1041 1349 quarta
1077 1277 1183 1334 autem
1208 1283 1303 1348 snper
1326 1266 1452 1329 tertiam
1475 1260 1592 1326 cauce

399 1380 576 1463 septuptum
596 1380 730 1460 primae,
753 1386 782 1440 et
804 1378 848 1440 sic
871 1376 1016 1458 deinceps
1040 1374 1273 1457 uniucujusque
1291 1378 1499 1452 unquentum
1517 1386 1573 1433 eu·

360 1467 364 1473 ¹
396 1506 453 1572 per
474 1489 534 1552 ribi
551 1487 732 1567 proximam
753 1484 911 1567 procedat.
935 1464 1100 1565 muttipierc
1119 1484 1243 1565 primae
1267 1479 1499 1561 maqnitudinis
1524 1494 1572 1540 ee·

399 1597 538 1662 cundum
573 1612 720 1659 numerus
747 1602 970 1676 consequenter
998 1594 1156 1675 impares,
1179 1593 1272 1656 sicuti
1293 1588 1467 1672 procedunt
1490 1603 1573 1669 qua·

399 1707 493 1771 'drata
515 1706 670 1769 tinearum
692 1721 755 1768 sese
777 1703 951 1786 aequatur
982 1703 1221 1775 encedentium,
1250 1716 1390 1783 quarum
1424 1713 1571 1788 euceesus

401 1818 550 1881 mininme
570 1817 610 1882 sit
632 1816 783 1899 aequalis,
807 1825 836 1878 et
859 1816 894 1878 in
924 1815 1009 1879 'libra
1032 1833 1074 1880 eu
1106 1813 1267 1877 distantiis
1293 1810 1482 1894 aequuiidue
1502 1823 1576 1872 eum

398 1924 603 2009 pendamus:
635 1924 776 1988 amnium
804 1923 1048 2004 compositarum
1076 1930 1220 2011 centrum
1250 1920 1433 2003 nequiiidrii
1461 1917 1576 1983 tibrum

402 2033 527 2107 diuidet,
550 2043 587 2096 ut
605 2049 683 2115 pars
706 2050 816 2097 uersus
839 2032 978 2097 minume
1003 2032 1236 2113 moqnitudines
1259 2031 1398 2114 retiquae
1412 2030 1456 2093 sit
1472 2027 1576 2109 maior

404 2158 501 2225 quant
525 2141 641 2224 triplo,
662 2140 769 2205 eadem
791 2158 865 2205 aera
895 2141 1019 2222 dempta
1041 2158 1109 2204 una
1132 2139 1283 2204 distantia
1305 2138 1445 2221 ejusdem
1468 2138 1574 2202 minor

403 2253 444 2316 sit
464 2269 561 2335 quam
585 2251 690 2332 tripla.

493 2361 622 2427 Sintia
646 2359 730 2424 libra
753 2361 807 2424 BE
828 2357 913 2445 (Fiq.
928 2359 1004 2446 135)
1030 2361 1286 2446 magnitudines,
1307 2360 1422 2440 quates
1445 2356 1574 2424 dictum

402 2477 465 2547 est,
481 2471 636 2551 aquibus
659 2469 851 2535 auferantur
868 2470 1114 2553 magnitudines
1131 2471 1261 2552 aliquae
1277 2451 1364 2535 inter
1376 2486 1423 2542 ee,
1441 2473 1577 2551 atquae

406 2581 439 2643 in
464 2578 671 2661 praecedeuti
685 2578 865 2660 dispositae
882 2578 1038 2655 insenuit
1054 2582 1170 2645 steini
1185 2580 1390 2663 compositae
1406 2597 1451 2643 ex
1465 2580 1577 2644 omni·

405 2688 466 2751 bus
489 2690 529 2762 ti,
552 2694 648 2750 amnt
671 2687 827 2769 retiquae.
843 2688 876 2752 in
894 2688 1013 2768 quibas
1035 2688 1070 2763 G,
1096 2691 1213 2755 mem
1237 2688 1579 2764 ordinedistcibuteo,

405 2797 462 2861 ssd
486 2794 676 2860 deficientes
712 2797 870 2859 maxima.
895 2796 944 2863 Sit
966 2798 1024 2862 ΕΙ)
1049 2798 1146 2879 tripla
1169 2800 1223 2864 ΠΒ
1246 2803 1279 2861 at
1301 2797 1355 2865 Gn
1378 2799 1478 2880 tsipia
1503 2797 1577 2868 FB:

404 2904 469 2968 erit
491 2904 687 2968 licentram
711 2905 897 2986 aequilibrii
920 2908 1124 2987 compositae
1148 2924 1189 2970 ex
1213 2899 1365 2972 omnibus
1383 2911 1433 2981 Α;
1454 2907 1487 2970 F·
1502 2923 1578 2972 varo

404 3014 608 3095 compositas
629 3031 672 3077 ex
695 3014 849 3078 omnibus
873 3014 922 3088 (23
945 3033 1047 3096 quase
1069 3017 1271 3098 compositae
1292 3034 1335 3080 ox
1363 3018 1521 3081 omnibns
1544 3019 1580 3085 ti.

406 3122 443 3195 C.
465 3128 616 3186 nentrum
634 3121 733 3185 oadst
756 3123 842 3186 inter
864 3121 945 3187 Det
969 3124 1003 3185 F.
1028 3124 1137 3190 sno.
1161 3124 1374 3191 Manifestum
1397 3124 1513 3206 itaque
1530 3130 1579 3188 cst

408 3230 466 3296 EO
488 3232 592 3312 ipsius
614 3229 669 3296 OB
692 3231 852 3313 majorem
875 3250 946 3297 esso
967 3249 1069 3315 qnam
1087 3234 1219 3315 triplam
1234 3253 1243 3308 ;
1259 3232 1322 3300 GO·
1338 3252 1416 3298 veco
1430 3233 1579 3317 ejusdam

408 3337 463 3403 OB
487 3339 647 3402 minorem
672 3356 861 3421 essequam
887 3342 1030 3423 triplam.
1051 3342 1148 3421 Quod
1176 3342 1469 3409 demonstrandum
1499 3350 1579 3409 enat.

856 3510 1042 3575 Pnonostuo
1067 3512 1133 3576 Vll.

499 3672 536 3735 Si
558 3674 744 3757 cuicumque
766 3693 854 3751 cono,
876 3677 924 3741 oet
941 3678 1176 3794 coniportioui,
1193 3695 1234 3741 eee
1249 3676 1399 3759 cqiindrit
1416 3676 1581 3759 oequaietn

407 3778 604 3843 altitudinem
628 3781 812 3846 namnetum
834 3786 939 3867 fiqura
962 3801 1031 3848 una
1054 3785 1258 3861 inscribatur,
1273 3793 1303 3847 et
1319 3785 1421 3848 attera
1443 3785 1583 3850 circum-

407 3887 590 3960 scribatur:
610 3889 743 3971 itemque
766 3892 838 3955 anis
861 3892 931 3973 ejus
956 3894 1002 3956 ita
1024 3891 1254 3967 metaurenses
1274 3910 1366 3974 pars,
1391 3910 1474 3974 quoe
1498 3894 1582 3957 intes

406 4002 560 4076 puuctum
583 3998 744 4063 divisionis
766 4010 796 4063 et
818 4002 963 4064 uerticem
989 4001 1211 4083 intercipitur,
1234 4002 1374 4083 reliquae
1396 4005 1438 4067 sit
1462 4004 1582 4086 triplae

408 4105 469 4167 erit
490 4105 659 4186 inscriptae
681 4110 801 4190 fiqurae
823 4109 989 4190 qraot‘tatis
1013 4116 1157 4184 cenerum
1177 4110 1388 4192 propinquius
1409 4111 1478 4175 daei
1500 4114 1582 4187 coni,

411 4231 509 4294 quom
538 4224 695 4295 punctum
730 4216 807 4279 itiud
840 4218 1026 4290 diuisiouis‚·
1058 4218 1313 4301 circumscriptae
1338 4237 1419 4285 oero·
1439 4232 1583 4286 metrum

411 4321 576 4398 qrnoitotir
594 4323 699 4387 eodem
718 4333 837 4406 punctu
859 4327 917 4388 erit
940 4328 1052 4391 uertici
1073 4328 1293 4409 propinquius.

499 4430 548 4495 Sit
566 4433 677 4515 itaqua
700 4451 804 4498 contis
822 4432 908 4520 (Fiq.
935 4431 1023 4521 136),
1046 4438 1143 4521 cajus
1162 4438 1239 4502 axis
1263 4438 1329 4504 ΝΜ
1351 4439 1528 4505 dividatur
1550 4444 1582 4505 in

412 4542 443 4615 S,
466 4544 513 4612 ita
538 4550 575 4608 nt
597 4546 649 4611 NS
673 4547 819 4627 reliquas
844 4546 901 4611 SM
925 4547 968 4610 sit
992 4548 1100 4629 tripia.
1126 4549 1218 4623 Dico,
1238 4549 1482 4632 cujuscumque
1499 4550 1583 4633 figu-

412 4667 467 4711 nao
487 4668 582 4727 oona,
606 4662 640 4717 ut
665 4653 790 4717 dictum
815 4660 875 4728 ast,
898 4653 1077 4736 inscriptae
1096 4661 1248 4720 centrum
1272 4658 1450 4737 gravitatis
1474 4661 1508 4723 iu
1524 4677 1584 4723 axe
