3925 5784
398 681 462 745 159
699 694 845 741 biALOGlll
869 694 1099 748 aeaeauaova
1123 695 1248 743 selenae

394 826 506 907 igitar,
519 840 560 886 ex
574 821 798 904 praecedenti,
806 826 947 902 tempus,
958 839 1024 902 quo
1037 824 1065 885 A
1078 822 1237 887 velocitas
1245 820 1382 887 nanssail
1393 820 1460 896 ab,
1472 818 1562 883 illem

394 951 471 998 eum
495 938 652 1013 lampone,
674 948 741 1013 quo
763 932 789 995 Β
807 929 943 995 aanlieil
964 930 1041 1007 CE3
1066 930 1123 997 aed
1147 939 1287 1014 tempus,
1310 947 1384 1013 qua
1401 930 1563 994 velaailns

395 1043 421 1105 Β
442 1038 578 1105 aoalieil
601 1039 666 1115 Cli,
689 1039 732 1103 ad
750 1044 881 1119 tempus
902 1055 968 1121 qua
992 1038 1106 1104 eadem
1130 1034 1265 1104 anasseil
1290 1039 1354 1114 ΟΒ,
1376 1043 1426 1103 eal
1448 1045 1488 1103 ul
1506 1039 1561 1106 GE

395 1150 438 1213 ad
460 1149 535 1223 cn:
555 1166 639 1232 ergo
661 1153 803 1229 tempus,
817 1165 884 1229 quo
902 1148 1062 1214 velocitas
1081 1152 1109 1213 A
1127 1145 1263 1215 conbibit
1278 1149 1344 1226 CI),
1363 1148 1406 1212 ad
1420 1153 1563 1231 tempus,

396 1276 463 1340 qua
486 1258 646 1323 velocitas
668 1258 694 1322 Β
718 1256 804 1321 idem
827 1256 883 1323 ΟΒ
905 1256 1051 1331 canliail,
1073 1261 1123 1322 est
1145 1263 1184 1321 ul
1205 1257 1258 1324 GE
1283 1256 1326 1322 ael
1345 1256 1409 1331 Gi),
1426 1256 1491 1321 hoa
1514 1262 1564 1321 eal

395 1373 434 1432 ul
457 1368 615 1433 velaailas
638 1366 729 1431 aaa
753 1360 963 1429 veloeilntem
990 1370 1028 1440 A,
1051 1367 1138 1447 quad
1152 1371 1235 1431 ‘erat
1258 1368 1434 1432 intentum.
1484 1393 1486 1398 v

630 1538 633 1544 ’
708 1536 885 1599 Tanonnne
908 1535 969 1608 lv,
983 1531 1182 1599 'Paaeosielo
1204 1535 1258 1601 1v.
1375 1594 1376 1598 ,

360 1682 368 1699 ’
486 1689 523 1753 Si
545 1690 608 1754 elna
630 1690 756 1756 mabilia
777 1691 926 1771 serantur
949 1697 1034 1757 mala
1057 1691 1235 1775 aequabili,
1259 1690 1419 1774 inaequali
1454 1700 1560 1755 lamen

391 1798 570 1872 uelocitate,
583 1799 695 1880 apulia,
715 1798 903 1879 temporibus
920 1799 1139 1882 inaequalibus
1157 1799 1197 1863 ab
1214 1800 1289 1881 ipsis
1304 1805 1444 1881 praela,
1462 1799 1559 1862 babe-

399 1907 479 1970 bunl
501 1907 655 1971 rationem
676 1907 878 1991 eampaeilam
894 1924 935 1971 ea
951 1908 1074 1971 raliane
1096 1908 1306 1985 eelaailalum,
1328 1915 1357 1972 el
1380 1924 1421 1971 een
1438 1907 1561 1972 raliane'

402 1994 586 2097 lemparum.
930 2057 933 2061 -
1025 2067 1028 2076 ,
1407 2059 1411 2069 .
1550 2006 1552 2008 ’

413 2185 416 2190 ,
488 2125 583 2189 Mola
608 2126 674 2190 sint
699 2126 766 2190 dua
788 2126 925 2190 mobilia
947 2126 998 2202 E,
1022 2127 1046 2192 F
1072 2124 1159 2212 (Fiq.
1184 2124 1241 2212 Ab)
1267 2133 1360 2194 motu
1382 2125 1561 2209 aequabili,

400 2239 433 2296 et
456 2234 542 2298 ralia
566 2235 755 2299 velnailnlis
790 2235 921 2299 mobilis
944 2234 971 2299 E
997 2236 1038 2300 ad
1059 2237 1270 2301 valacilalem
1293 2236 1426 2302 mabilia
1448 2234 1475 2299 F
1498 2234 1559 2308 sil,

399 2352 436 2409 ul
459 2345 554 2409 And
576 2346 624 2416 Β;
649 2343 808 2425 temporis
832 2360 1007 2424 veraque
1031 2350 1185 2409 movetur
1208 2344 1247 2418 Β,
1269 2344 1312 2408 ad
1338 2350 1478 2426 tempas,
1498 2345 1563 2424 qua

400 2460 553 2521 movetur
583 2456 628 2525 F,
659 2454 745 2517 ralia
771 2456 836 2529 sit,
854 2458 892 2516 ul
915 2452 939 2519 C
963 2448 1006 2517 ad
1028 2454 1067 2517 Β.
1098 2454 1195 2525 Dino,
1220 2453 1364 2535 spellam
1382 2454 1577 2533 >pareatum·

341 2608 343 2612 -
399 2565 442 2627 ab
464 2563 492 2626 E
514 2580 592 2627 aum
616 2543 792 2626 veloeilale
815 2565 844 2625 A
866 2561 901 2625 in
926 2562 1131 2643 temporali,
1154 2561 1196 2626 ad
1220 2562 1369 2643 spatium
1394 2565 1564 2643 pennatum

398 2676 441 2738 ab
466 2674 489 2737 F
513 2690 591 2736 cum
615 2672 791 2737 velocitate
814 2674 839 2736 B
863 2672 896 2735 in
924 2678 1069 2753 tempore
1086 2673 1124 2746 Β,
1143 2671 1264 2736 habere
1284 2672 1448 2734 rationem
1469 2684 1561 2732 aam-

400 2784 541 2865 pasilam
560 2799 602 2845 ex
624 2781 753 2845 talione
778 2780 963 2845 velocitatis
984 2783 1013 2843 A
1032 2779 1075 2843 ad
1100 2780 1310 2844 uelocitatem
1333 2776 1371 2855 Β,
1386 2760 1421 2839 el
1438 2794 1481 2840 ex
1505 2792 1560 2840 ra-

399 2894 488 2956 liane
509 2892 664 2972 lamponis
687 2889 711 2956 C
736 2890 778 2955 ad
804 2895 931 2970 lempus
954 2891 992 2954 Β.
1018 2888 1066 2955 Sil
1089 2890 1233 2970 spatium
1258 2889 1299 2952 ab
1322 2887 1349 2952 E
1372 2901 1450 2951 eum
1466 2884 1559 2949 vela·

398 3002 500 3064 cibala
526 3003 554 3063 A
578 2998 611 3061 in
636 3005 783 3079 tempore
817 2997 841 3064 G
876 3003 1048 3079 peractum
1077 2997 1127 3072 G,
1155 3002 1188 3060 el
1217 3004 1255 3061 al
1284 2994 1445 3061 velocibus
1469 2992 1563 3097 Apud

403 3109 613 3175 velocitatem
637 3108 674 3179 B,
697 3106 744 3169 ila
769 3107 826 3170 ilai
850 3105 878 3173 G
902 3107 944 3169 ad
967 3107 995 3180 1;
1017 3112 1056 3171 ul
1078 3110 1190 3170 aulem
1213 3111 1344 3191 tempus
1367 3103 1392 3170 C
1414 3102 1458 3166 ad
1480 3109 1565 3166 tem·

400 3233 461 3297 pus
485 3217 523 3291 Β,
547 3217 593 3279 ila
618 3215 661 3279 sil
683 3215 698 3279 1
720 3215 763 3278 ab
789 3216 838 3296 L,
862 3221 994 3280 constal
1017 3217 1030 3280 l
1054 3232 1125 3280 esse
1148 3214 1304 3306 spallam,
1328 3229 1394 3293 quo
1414 3218 1568 3279 movetur

399 3327 424 3388 F
446 3326 480 3388 in
505 3331 651 3405 tempore
674 3325 803 3400 eadem,
828 3326 862 3387 in
886 3327 997 3406 quaE
1023 3331 1150 3390 malum
1176 3329 1227 3389 esl
1256 3340 1313 3405 per
1337 3321 1376 3396 G,
1393 3337 1472 3391 anm
1491 3338 1567 3403 spa·

400 3433 449 3496 lia
471 3431 518 3504 G,
544 3433 557 3495 l
580 3434 646 3496 sint
670 3438 706 3495 ut
730 3434 921 3499 velaailales
945 3436 998 3508 A,
1021 3437 1068 3499 B:
1094 3439 1126 3496 el
1149 3450 1227 3497 eum
1251 3432 1305 3502 sil.
1330 3434 1366 3492 ul
1390 3427 1565 3511 lempusC

400 3543 443 3605 ad
466 3547 595 3622 tempus
617 3542 655 3612 D,
678 3542 724 3605 ila
743 3541 757 3605 1
780 3541 822 3604 ad
845 3541 893 3615 L,
918 3544 962 3605 sit
981 3549 1092 3607 aulem
1121 3543 1135 3607 Ι
1159 3519 1316 3622 spatium,
1338 3538 1426 3620 quad
1458 3536 1564 3602 conii-

401 3650 489 3714 cilue
512 3667 532 3713 a
556 3648 668 3713 mobili
693 3650 718 3713 F
740 3650 775 3713 in
798 3655 944 3731 tempore
968 3650 1007 3723 G,
1032 3651 1094 3715 erit
1117 3651 1142 3715 L
1167 3650 1326 3730 spatium,
1350 3644 1567 3740 quael-naali-

400 3759 489 3824 ailur
511 3760 553 3822 ab
576 3758 601 3823 F
624 3758 659 3821 in
682 3763 829 3839 tempore
852 3760 880 3824 Β
902 3778 979 3825 aum
1005 3760 1180 3825 velocitate
1203 3762 1253 3825 B:
1288 3758 1374 3823 ralia
1403 3762 1516 3822 aulem
1540 3754 1567 3820 G

402 3869 444 3932 ad
462 3868 487 3933 L
507 3868 720 3950 componitur
735 3886 777 3931 nx
793 3869 976 3934 talionibus
1000 3869 1028 3935 G
1048 3869 1093 3933 *ad
1116 3870 1130 3933 l
1152 3875 1185 3932 el
1209 3869 1222 3932 l
1246 3867 1289 3931 ad
1311 3866 1348 3942 L,
1382 3882 1500 3947 nempe
1523 3880 1564 3927 ex

400 3955 584 4041 rationibus
609 3976 795 4040 velocitatis
820 3981 848 4041 A
868 3977 909 4042 ad
935 3979 1146 4042 velocitatem
1171 3980 1220 4053 B,
1243 3984 1276 4040 et
1298 3974 1457 4058 temporis
1479 3973 1505 4040 C
1529 3973 1570 4036 ad

402 4091 531 4166 tempus
554 4086 602 4157 D;
627 4104 707 4167 ergo
731 4092 819 4166 palat
842 4088 1057 4168 propositum.

727 4256 906 4318 Tussonnun
932 4256 1179 4329 v,1³n01›asn10
1205 4256 1244 4319 V.

491 4419 528 4518 Si
551 4422 612 4486 dua
635 4422 758 4487 nobilia
780 4423 938 4506 aequabili
961 4433 1048 4487 melu
1071 4421 1235 4503 ferantur,
1262 4424 1327 4487 aial
1353 4430 1459 4487 lamen
1487 4423 1572 4488 vela·

401 4530 510 4593 cilalee
532 4532 721 4614 inaequales,
739 4540 766 4594 el
789 4533 970 4616 inaequalia
992 4536 1095 4617 spatia
1114 4543 1259 4616 peraeta,
1283 4534 1366 4598 ralia
1390 4542 1569 4614 temporum

403 4639 570 4719 composita
593 4642 652 4705 eril
675 4660 715 4707 en
738 4645 861 4708 ratione
884 4644 1075 4726 spatiorum,
1099 4655 1128 4708 el
1152 4664 1193 4710 en
1220 4646 1342 4709 ratione
1370 4642 1573 4709 aelacllalum

300 4811 308 4832 x
402 4749 560 4811 contrarie
584 4758 795 4831 sumpturum.
