3925 5784
694 713 867 768 ammaus
891 719 971 767 anas
995 719 1148 768 cananaea
1170 719 1302 778 unauna.
1517 706 1582 771 279

500 838 583 903 Esto
601 840 685 905 libra
701 841 753 906 [Τ
776 836 859 925 (Fiq.
882 837 970 927 134),
993 847 1027 905 et
1049 840 1304 922 magnitudines,
1320 840 1434 921 quales
1452 842 1579 907 dictum

410 954 466 1024 est,
492 931 589 1014 inea
613 951 785 1031 pendeant,
805 958 840 1014 at
863 952 931 1014 sint
954 953 995 1022 A,
1018 951 1054 1025 F,
1077 949 1116 1024 G,
1141 952 1179 1021 ll,
1204 952 1245 1027 Κ,
1268 968 1409 1033 quarum
1434 954 1464 1015 A
1486 970 1527 1015 ex
1553 954 1578 1015 Τ

409 1075 567 1139 suspensa
585 1059 628 1121 sit
644 1059 760 1139 prima.
771 1058 1028 1134 Dico,centnum
1049 1058 1238 1139 aequilibrii
1254 1058 1373 1122 libram
1392 1059 1444 1123 TL
1462 1059 1509 1123 ita
1524 1078 1578 1123 se·

407 1181 493 1238 cane,
520 1174 556 1232 ut
580 1184 654 1248 pars
676 1185 793 1233 versus
816 1170 842 1233 Τ
865 1167 1012 1250 reliquae
1028 1168 1072 1231 sit
1088 1167 1198 1248 tripla.
1214 1166 1263 1233 Sit
1280 1166 1332 1232 TL
1351 1168 1448 1248 tripla
1465 1168 1507 1232 ad
1526 1168 1577 1243 Ll,

406 1284 437 1339 at
456 1275 506 1339 Sl,
531 1275 630 1358 tripla
653 1277 716 1352 LP,
738 1284 770 1341 et
793 1278 849 1357 QL
873 1278 976 1359 ipsius
995 1278 1067 1352 AN,
1082 1285 1115 1342 et
1131 1278 1183 1342 LP
1198 1278 1302 1358 ipsius
1320 1277 1392 1351 L03
1409 1287 1506 1345 erunt
1527 1283 1577 1356 ΙΡ,

406 1384 470 1457 ΡΝ,
494 1384 566 1459 ΝΟ,
590 1387 644 1453 OL
668 1387 831 1469 aequales.
848 1388 891 1452 Et
913 1389 1099 1469 accipiatur
1117 1389 1151 1452 iu
1171 1389 1199 1452 F
1216 1389 1529 1471 magnituduipsius
1548 1396 1577 1456 A

405 1492 518 1571 dupla,
540 1492 576 1555 iu
594 1491 623 1559 G
638 1510 718 1558 vcro
741 1494 807 1557 alia
824 1493 972 1576 ejusdem
993 1495 1103 1577 tripla,
1119 1496 1152 1558 in
1170 1495 1360 1579 Hujusdam
1379 1498 1574 1581 quadrupla,

404 1604 435 1661 et
458 1601 508 1664 sic
532 1602 697 1683 deinceps,
715 1609 747 1666 at
765 1604 832 1668 sint
855 1610 1006 1686 sumptae
1029 1606 1380 1689 magnitudiucsillac,
1404 1610 1575 1691 inquibus

404 1712 442 1794 A,
457 1718 492 1790 qt
516 1710 605 1776 idem
628 1711 688 1776 dat
711 1714 745 1777 in
769 1713 1055 1795 magnitudinibus
1071 1716 1106 1789 F,
1125 1714 1164 1788 G,
1182 1717 1223 1789 Η,
1238 1718 1281 1782 Κ.
1300 1716 1411 1794 Quum
1431 1720 1519 1783 enim
1544 1711 1576 1783 iai

403 1820 578 1902 Freliqua
601 1822 805 1905 magnitudo,
829 1839 946 1905 nempe
969 1822 1006 1898 B,
1027 1824 1071 1887 sit
1095 1824 1244 1905 aequalis
1261 1828 1301 1901 A,
1317 1834 1470 1914 sumatur
1492 1828 1526 1893 in
1548 1828 1576 1893 G

401 1930 507 2012 ipsius
530 1932 640 2013 dupla,
655 1934 690 1997 in
706 1933 736 1997 ll
752 1932 852 2015 tripla
874 1937 959 2008 etc,
983 1939 1017 1997 et
1039 1934 1106 1998 siut
1129 1934 1462 2017 bae-magnitudines
1483 1954 1576 2000 sum·

403 2049 487 2121 ptaa,
511 2041 546 2105 iu
569 2043 689 2124 quibus
712 2043 758 2115 B;
783 2048 817 2106 et
841 2043 956 2106 eodem
980 2050 1077 2124 pacto
1097 2050 1275 2109 sumantur
1297 2045 1385 2117 illae,
1403 2046 1573 2127 inquibus

401 2146 434 2218 G,
455 2154 491 2210 et
515 2148 550 2212 in
570 2150 690 2229 quibus
712 2149 742 2214 l)
760 2155 793 2213 et
808 2151 851 2225 Ε;
866 2156 964 2215 crunt
974 2149 1046 2233 lam
1061 2169 1187 2226 omnes,
1205 2152 1372 2234 inquibus
1390 2156 1430 2229 A,
1446 2171 1572 2235 acqua-
1645 2236 1650 2247 Ι

402 2253 446 2317 les
469 2255 533 2336 ipsi
558 2256 610 2330 K;
633 2258 817 2338 composita
839 2276 918 2322 veno
940 2277 982 2322 ex
1005 2261 1158 2324 ominibus
1181 2261 1207 2323 B
1232 2262 1426 2341 aequabitur
1444 2263 1505 2344 ipsi
1524 2265 1568 2336 lt:

400 2365 585 2445 composita
606 2383 648 2429 ex
671 2366 696 2433 C
720 2367 782 2449 ipsi
805 2367 854 2442 G;
878 2387 920 2432 ex
937 2369 1091 2433 omnibus
1107 2370 1134 2435 D
1152 2387 1231 2433 vern
1246 2371 1427 2451 composita
1447 2389 1571 2453 aequa·

400 2474 490 2538 bltur
512 2475 561 2550 F;
582 2482 616 2540 et
638 2476 666 2541 Ε
688 2476 752 2557 ipsi
776 2481 826 2541 A:
849 2482 882 2540 et
907 2478 987 2558 quia
1014 2479 1055 2544 TI
1077 2479 1177 2561 dupla
1201 2484 1250 2541 est
1273 2479 1335 2553 lL,
1358 2480 1422 2542 enit
1444 2480 1458 2544 l
1482 2498 1567 2560 puu-

399 2586 493 2646 ctum
516 2583 704 2665 aequilibrii
727 2585 966 2668 magnitudinis
988 2586 1191 2667 compositae
1212 2603 1256 2648 ex
1278 2587 1432 2651 omnibus
1462 2590 1514 2661 A;
1537 2595 1570 2650 ct

399 2691 563 2764 similiter,
583 2709 664 2758 cum
688 2692 736 2759 SP
758 2693 936 2776 ipsiusPL
960 2695 1004 2758 sit
1014 2694 1133 2775 dupla,
1156 2694 1259 2758 critP
1275 2701 1434 2775 puuctum
1454 2696 1571 2775 aequi·

398 2799 488 2865 librti
510 2801 716 2883 compositae
739 2819 781 2866 ex
796 2801 958 2866 omnibus
980 2802 1018 2879 B,
1039 2807 1073 2864 et
1095 2801 1233 2866 eandem
1248 2801 1488 2866 obcausamN
1508 2804 1571 2866 erit

399 2915 561 2991 puuctum
586 2910 773 2991 aequilibrii
796 2911 999 2993 compositae
1019 2928 1060 2978 ex
1084 2911 1237 2976 omuibus
1260 2909 1309 2983 03
1330 2908 1360 2974 0
1382 2927 1462 2974 veru
1476 2928 1570 2974 com-

400 3023 525 3105 positae
547 3040 591 3087 cx
611 3022 652 3098 l),
674 3028 707 3086 et
729 3022 754 3086 L
778 3023 883 3103 ipsius
906 3022 944 3086 Ε,
967 3022 1028 3085 Est
1051 3021 1155 3102 igitur
1177 3019 1261 3083 libna
1296 3017 1459 3101 quaedam
1495 3019 1568 3087 ub.

398 3133 429 3197 ln
451 3150 520 3216 qua
542 3151 585 3198 ex
607 3135 774 3200 distantiis
797 3133 992 3214 aequalibus
1009 3179 1012 3186 .
1028 3132 1169 3212 pendent
1192 3130 1438 3213 magnitudines
1464 3146 1569 3210 quae·

398 3240 473 3306 dam
497 3242 553 3317 K,
577 3242 630 3316 ll,
652 3241 700 3317 G,
725 3244 772 3318 F,
795 3245 835 3319 A,
858 3248 892 3304 et
913 3258 1029 3312 rursus
1052 3246 1102 3303 est
1124 3239 1192 3303 alia
1210 3238 1297 3302 libra
1312 3237 1362 3311 Ll,
1378 3237 1413 3301 in
1434 3255 1501 3319 qua
1525 3255 1568 3300 ex

397 3348 565 3414 distantiis
600 3349 754 3416 similiter
782 3348 975 3432 aequalibus
998 3348 1141 3430 pendent
1164 3346 1302 3411 totidem
1331 3362 1472 3410 numeru
1495 3363 1567 3410 ma·

398 3460 600 3541 gnitudines,
633 3467 666 3524 et
699 3461 815 3526 eodem
848 3459 962 3526 ordine
996 3457 1174 3540 praedictis
1207 3456 1383 3538 aequales,
1407 3461 1456 3517 est
1478 3456 1569 3519 enim

397 3570 581 3651 composita
602 3585 645 3632 cx
667 3571 820 3634 omnibus
844 3571 883 3643 A,
906 3583 991 3649 quae
1016 3565 1133 3648 pendet
1154 3583 1198 3628 ex
1219 3564 1244 3638 Ι,
1267 3562 1416 3643 aequatis
1439 3563 1468 3627 l(
1489 3581 1569 3643 pen·

396 3679 484 3744 denti
507 3696 551 3743 ex
572 3679 621 3755 L,
644 3684 679 3743 et
699 3679 882 3761 composita
905 3696 948 3742 ex
969 3678 1124 3742 omuibus
1147 3675 1184 3746 B,
1207 3691 1293 3755 quae
1312 3676 1430 3755 pendet
1454 3692 1495 3737 ex
1520 3677 1564 3745 Ρ,

393 3791 542 3873 aequalis
564 3791 594 3855 ll
618 3789 770 3872 pendenti
793 3808 836 3854 ex
858 3789 905 3863 P;
928 3766 1133 3852 elsimilitcr
1152 3786 1338 3866 composita
1360 3800 1401 3845 ex
1424 3782 1462 3858 C,
1479 3800 1566 3864 quae

394 3898 512 3979 pendet
535 3914 579 3964 ex
600 3896 653 3973 N,
677 3903 840 3979 aequatur
861 3896 911 3973 G,
934 3902 967 3959 et
990 3894 1175 3976 composita
1197 3909 1240 3955 ex
1262 3892 1313 3968 D,
1335 3907 1432 3971 quae.
1447 3889 1565 3970 pendet

392 4024 430 4072 ex
452 4006 496 4084 0,
518 4013 681 4090 aequatur
702 4006 739 4083 F,
761 4013 794 4071 et
816 4007 844 4071 u
868 4006 1013 4088 pendens
1034 4022 1078 4068 ex
1100 4002 1125 4068 L
1150 4002 1299 4084 aequalis
1316 4006 1368 4064 est
1391 4004 1431 4064 A.
1450 4001 1564 4078 Quare

391 4094 497 4184 librae
521 4116 637 4181 adem
664 4116 794 4181 ratione
816 4133 837 4179 a
859 4121 972 4192 centro
994 4110 1259 4209 'cu-positarum
1294 4108 1562 4193 magnitudinum

391 4227 592 4293 dividentur.
626 4227 743 4294 Unum·
771 4232 822 4292 ast
855 4232 967 4290 autem
990 4229 1143 4288 centrum
1166 4222 1369 4303 compositae
1392 4237 1433 4284 ex
1464 4219 1563 4284 dictis

393 4336 687 4419 magnitudinibus.
710 4335 784 4400 Erit
806 4351 885 4418 argo
909 4340 1070 4416 punctum
1092 4348 1267 4397 commune
1294 4334 1406 4393 rectae
1430 4330 1507 4401 TL;
1530 4334 1564 4393 et

393 4451 500 4509 rectas
522 4441 929 4524 L1.·centrum,qu0dstt
951 4442 991 4506 X.
1014 4440 1128 4521 Itaque
1151 4444 1188 4503 ut
1205 4440 1263 4505 ΤΧ
1278 4439 1322 4502 ad
1342 4438 1410 4513 XL,
1428 4438 1477 4502 ita
1500 4439 1563 4501 erit
1665 4450 1666 4454 ’

387 4551 596 4627 ἰΧιιιΧι
613 4559 646 4615 et
668 4557 738 4616 tota
761 4551 814 4616 FL
831 4550 874 4615 ad
896 4549 958 4622 Ll,
981 4555 1031 4614 est
1054 4554 1165 4614 autem
1189 4542 1240 4612 TL
1264 4547 1370 4628 ipsius
1394 4546 1434 4614 Ll
1453 4546 1562 4627 tripla,

394 4681 492 4744 quare
515 4669 548 4727 et
573 4663 629 4727 tx
653 4664 758 4745 ipsius
783 4663 839 4727 xt
865 4662 963 4743 tripla
985 4661 1057 4724 erit.
