3925 5784
405 498 472 565 aba
713 514 858 562 nrrsocm
882 514 985 594 nunna
1007 511 1110 583 nuova
1134 512 1260 562 minnan

401 637 566 703 inlinitum
590 638 840 713 extenderetur3
864 643 949 701 esset
971 640 1081 700 autem
1106 636 1182 700 talis
1197 635 1367 711 velocitas,
1382 639 1420 701 ut
1434 635 1469 700 iu
1486 638 1572 700 tem-

402 762 479 828 pore
501 746 630 828 aequali
655 747 794 828 tempori
816 745 993 810 descensus
1017 761 1075 825 per
1088 744 1144 809 AB
1158 744 1192 809 in
1209 744 1377 809 horizonte
1393 742 1572 810 coutlceret

400 853 542 936 spatium
555 853 691 936 duplum
704 853 806 936 ipsius
822 854 887 917 AB.
907 851 1007 917 Modo
1023 851 1198 935 tingamus,
1215 852 1301 916 idem
1318 853 1438 919 mobile
1453 852 1569 917 eodem

401 963 580 1028 celeritatis
603 961 709 1047 gradu
730 962 946 1043 aequabiliter
971 961 1096 1025 moveri
1121 977 1179 1044 per
1201 960 1334 1041 planum
1358 960 1421 1033 Bc.
1436 960 1523 1024 adeo
1538 965 1573 1024 ut

401 1076 501 1141 etiam
525 1078 559 1141 tn
582 1075 645 1141 lroc
669 1081 814 1156 tempore
837 1073 965 1154 aequali
988 1074 1125 1155 tempori
1143 1073 1319 1137 descensus
1338 1091 1394 1154 per
1412 1073 1469 1138 AB
1484 1090 1573 1137 con-

391 1181 515 1248 ticeret
537 1200 634 1263 super
657 1181 708 1248 BC
731 1187 869 1255 extenso
903 1181 1047 1261 spatium
1071 1179 1206 1261 duplum
1230 1181 1334 1262 ipsius
1356 1182 1421 1246 ΑΒ.
1448 1182 1574 1246 Verum

402 1293 625 1376 intelligamus
648 1291 760 1355 statim
785 1297 882 1371 atque
905 1287 1082 1354 ascendere
1109 1289 1237 1369 incipit,
1259 1289 1289 1351 ei
1313 1296 1428 1371 suapte
1451 1293 1574 1353 natura

401 1401 614 1485 supervenire
636 1401 718 1464 illud
743 1401 840 1472 idem,
863 1401 948 1480 quod
972 1400 1003 1462 ei
1027 1398 1167 1481 contigit
1191 1415 1229 1461 ex
1254 1402 1281 1462 Α
1312 1416 1409 1479 super
1433 1399 1571 1480 planum

404 1512 477 1585 ΑΒ,
507 1527 624 1593 nempe
652 1510 828 1574 descensus
860 1509 994 1590 quidam
1032 1526 1074 1571 ex
1100 1509 1209 1590 quiete
1238 1509 1419 1573 secundum
1453 1508 1576 1590 gradus

400 1619 533 1684 eosdem
555 1619 814 1693 acceleratiouis‚
839 1619 870 1681 vi
910 1634 1060 1698 quorum,
1092 1622 1128 1680 ut
1161 1618 1194 1680 in
1223 1618 1279 1680 ΑΒ
1308 1618 1459 1700 contigit,
1488 1622 1574 1681 tem·

404 1745 481 1811 pore
502 1728 616 1793 eodem
641 1729 844 1792 tantumdem
868 1725 1044 1790 descendat
1067 1725 1100 1789 in
1126 1726 1224 1806 plano
1247 1725 1379 1799 retlero,
1409 1730 1573 1807 quantum

402 1836 570 1902 descendit
594 1855 652 1919 per
673 1838 744 1909 ΑΒ;
769 1835 978 1900 manifestum
1001 1839 1062 1909 est,
1076 1834 1161 1915 quod
1178 1852 1219 1897 ex
1236 1836 1396 1918 ejusmodi
1413 1835 1574 1900 mixtione

401 1951 509 2012 motus
531 1947 714 2029 aequabilis
737 1946 966 2021 ascendentis,
990 1950 1022 2007 et
1045 1945 1220 2009 accelerati
1244 1944 1472 2009 descendentis
1498 1962 1572 2026 per·

401 2059 539 2125 ducetur
563 2060 682 2125 mobile
705 2061 745 2123 ad
773 2060 950 2123 terminum
974 2057 999 2125 C
1020 2074 1076 2138 per
1097 2059 1229 2139 planum
1250 2059 1314 2132 BC,
1325 2059 1422 2140 Juxta
1439 2057 1572 2122 eosdem

400 2166 587 2232 velocitatis
611 2169 741 2250 gradus,
765 2169 822 2249 qui
846 2173 942 2230 erunt
964 2165 1128 2249 aequales.
1145 2166 1240 2245 Quod
1261 2184 1339 2231 vero
1358 2166 1500 2248 sumptis
1520 2170 1574 2229 ut·

340 2262 346 2271 ’
401 2294 531 2358 cunque
553 2276 679 2341 duobus
704 2279 833 2358 punctis
857 2278 894 2347 D.
918 2277 956 2349 E,
979 2277 1161 2357 aequaliter
1178 2279 1220 2342 ab
1236 2277 1359 2360 angulo
1375 2277 1402 2341 B
1421 2276 1572 2351 remotis,

401 2386 561 2449 transitus
584 2404 639 2466 por
663 2386 717 2449 DB
741 2386 798 2449 liat
822 2393 967 2467 tempore
990 2386 1119 2466 aequali
1147 2375 1284 2467 tempori
1309 2385 1499 2449 reflexiouis
1516 2402 1572 2466 per

403 2492 467 2566 ΒΕ,
490 2491 567 2558 binc
592 2493 746 2576 colligere
772 2511 953 2575 possumus.
978 2494 1085 2572 Docta
1109 2494 1163 2557 DF
1186 2493 1248 2557 erit
1271 2493 1427 2574 parallelo
1444 2493 1488 2557 ad
1504 2492 1572 2564 BC;

401 2606 531 2666 constat
554 2602 653 2676 enim,
676 2604 870 2667 descensum
894 2621 951 2685 per
974 2603 1033 2667 ab
1056 2600 1179 2667 rollecti
1197 2620 1254 2685 per
1269 2603 1334 2679 DF,
1349 2604 1437 2685 quod
1454 2603 1482 2667 si
1501 2609 1572 2684 post

401 2712 430 2776 D
453 2712 573 2777 mobile
588 2712 712 2775 teratur
726 2730 783 2793 per
800 2712 1038 2776 borizoulalem
1055 2711 1123 2784 DE,
1140 2713 1282 2793 impetus
1302 2713 1335 2777 in
1355 2712 1381 2777 E
1400 2711 1465 2775 erit
1482 2710 1571 2775 idem

401 2841 478 2887 cum
500 2824 625 2904 impetu
648 2822 682 2884 in
707 2822 749 2896 D;
774 2838 852 2904 ergo
874 2839 916 2883 ex
939 2821 965 2883 E
991 2821 1144 2884 ascendet
1169 2822 1202 2886 in
1225 2821 1259 2891 C.
1278 2838 1357 2904 ergo
1374 2820 1496 2902 gradus
1513 2838 1571 2885 ve·

401 2932 544 2995 locitatis
567 2931 599 2994 in
624 2931 653 2995 b
675 2937 723 2994 est
747 2931 894 3013 aequalis
919 2930 1035 3013 gradui
1060 2932 1094 2994 in
1120 2932 1157 2997 lb
1181 2932 1231 2995 Er
1253 2932 1306 2996 bis
1330 2932 1432 3014 igitur
1467 2931 1572 2994 ratio·

399 3040 554 3104 nabiliter
576 3057 721 3104 asserere
745 3058 929 3122 possumus,
951 3041 1050 3121 quod,
1072 3041 1100 3104 si
1125 3041 1337 3123 paratiquod
1361 3041 1496 3121 planum
1520 3040 1573 3105 in-

398 3131 561 3211 clinatum
576 3149 633 3211 liat
646 3150 833 3225 descensus,
849 3154 921 3233 post
937 3167 1033 3231 quem
1050 3157 1206 3233 sequatur
1218 3151 1354 3216 retlexio
1368 3169 1424 3234 per
1436 3153 1571 3235 planum

400 3256 577 3332 elevatum,
601 3259 719 3322 mobile
744 3277 801 3340 per
823 3260 982 3342 impetum
1006 3265 1201 3343 conceptum
1225 3262 1380 3326 ascendet
1404 3264 1571 3344 usquead

400 3363 538 3428 eandem
561 3365 778 3436 altitudinem,
803 3385 859 3431 seu
881 3368 1101 3432 elevationem
1125 3371 1167 3434 ab
1189 3371 1369 3434 horizonte.
1395 3369 1438 3435 Ut
1461 3371 1489 3433 si
1511 3369 1570 3434 fiat

401 3476 577 3540 descensus
600 3494 655 3557 per
679 3478 745 3551 ΑΒ,
769 3477 891 3542 leretur
918 3479 1039 3543 mobile
1069 3495 1125 3558 per
1154 3479 1286 3559 planum
1323 3478 1484 3543 retlexum
1520 3478 1571 3545 BC

401 3584 568 3666 usquead
592 3584 828 3649 horizontalem
853 3585 922 3657 AC:
947 3605 1012 3650 non
1039 3593 1167 3651 tantum
1191 3587 1217 3651 si
1244 3587 1476 3652 inclinationes
1501 3587 1573 3668 pla·

324 3751 327 3756 .
401 3710 517 3772 norum
541 3694 606 3759 sint
628 3694 803 3775 aequaleS,
828 3696 1067 3758 verumetiam
1092 3697 1119 3759 si
1144 3696 1334 3778 inaequales
1356 3696 1437 3768 sint,
1462 3697 1571 3778 qualis

399 3807 448 3863 est
472 3802 558 3881 plani
584 3802 655 3875 BD;
678 3809 884 3883 assumptum
907 3800 995 3867 euim
1022 3804 1110 3883 prius
1138 3810 1208 3877 est,
1234 3805 1355 3887 gradus
1383 3805 1572 3871 velocitatis

400 3926 471 3973 esse
494 3911 668 3990 aequales,
691 3912 746 3991 qui
771 3928 869 3990 super
893 3911 999 3991 planis
1023 3911 1242 3994 inaequaliter
1265 3912 1432 3977 inclinatis
1456 3914 1574 3994 acqui·

401 4024 529 4092 rantur,
552 4018 630 4083 dum
651 4019 796 4100 ipsorum
814 4018 986 4099 planorum
1006 4018 1121 4083 eadem
1136 4019 1234 4083 fuerit
1252 4038 1351 4104 supra
1365 4021 1573 4087 horizontem

400 4124 550 4187 elevatio.
575 4125 607 4189 Si
632 4131 742 4189 autem
766 4125 928 4188 existente
943 4125 1059 4189 eadem
1077 4127 1292 4191 inclinatione
1311 4128 1485 4209 planorum
1506 4130 1573 4203 Eli,

404 4231 458 4294 Bl)
483 4227 577 4314 (Fip.
608 4230 684 4317 83),
708 4232 883 4297 descensus
907 4251 964 4315 per
986 4233 1040 4298 ΕΒ
1064 4234 1232 4314 impellere
1255 4236 1343 4301 valet
1368 4236 1489 4301 mobile
1515 4254 1572 4318 per

403 4340 535 4420 planum
558 4341 610 4404 Bl)
633 4359 733 4421 usque
757 4343 797 4404 ad
821 4342 859 4417 D,
883 4358 960 4406 cum
983 4341 1059 4405 talis
1082 4343 1242 4424 impulsus
1259 4343 1316 4408 liat
1333 4351 1467 4427 propter
1490 4363 1573 4410 con·

391 4446 742 4527 ,ceptum'veloctraris
763 4450 919 4531 impetum
944 4451 977 4514 iu
1002 4456 1124 4531 puncto
1142 4451 1181 4524 B;
1200 4452 1308 4532 sitque
1325 4452 1413 4518 idem
1429 4453 1574 4535 impetus

400 4557 436 4617 ¹in
461 4556 495 4625 B,
521 4573 577 4621 seu
598 4557 773 4623 descendat
793 4560 911 4625 mobile
932 4578 988 4643 per
1008 4562 1073 4637 ΑΒ,
1093 4577 1149 4625 seu
1167 4578 1224 4643 per
1243 4563 1311 4637 EB3
1331 4568 1470 4636 constat,
1488 4565 1574 4646 quod
