3925 5784
789 719 940 769 emonam
965 720 1075 768 ruant.
1304 732 1307 736 ·
1449 704 1515 769 209

356 839 499 921 aequalia
523 845 632 910 erunt„
654 839 687 905 Si
709 839 820 921 itaquo
842 845 957 905 centro
978 841 1007 906 G
1029 842 1205 906 intervallo
1226 842 1282 908 GA
1300 842 1444 906 circulus
1460 843 1518 906 de·

353 951 525 1021 scribatur,
549 950 700 1014 transibit
724 967 781 1031 per
798 950 833 1024 F,
851 955 885 1013 et
907 950 1145 1016 horizontalem
1168 957 1200 1014 et
1219 951 1411 1015 inclinatam
1442 957 1518 1017 tan·

351 1062 403 1138 get
427 1056 462 1119 iu
488 1056 618 1137 punctis
642 1057 710 1120 AF:
733 1062 783 1122 est
805 1058 894 1140 euim
918 1059 1060 1141 angulus
1081 1058 1161 1125 GFC
1196 1066 1326 1133 rectus,
1349 1077 1426 1123 cum
1462 1059 1517 1125 GF

348 1167 410 1249 ipsi
435 1167 493 1230 ΑΕ
518 1167 561 1230 sit
583 1166 818 1246 aequidistans:
843 1184 886 1229 ex
901 1184 967 1247 quo
990 1172 1128 1237 constat.
1152 1167 1255 1231 lineas
1277 1185 1391 1231 omnes
1416 1184 1518 1247 usqne

346 1274 391 1338 ad
415 1275 610 1343 inclinatam
634 1290 676 1338 ex
699 1279 822 1356 puncto
845 1277 873 1337 Α
897 1274 1073 1355 productas
1103 1281 1199 1339 extra
1217 1276 1518 1340 circumferentiam
1636 1287 1640 1293 ’

345 1386 486 1454 extendi
500 1391 565 1460 ,et
587 1386 675 1478 quod
696 1392 899 1469 consequens
922 1392 993 1461 est,
1018 1386 1156 1450 lationes
1179 1406 1236 1468 per
1257 1389 1345 1468 ipsas
1380 1387 1520 1468 longiori

343 1502 501 1575 tempore
524 1495 651 1564 absolvi
673 1512 772 1575 quam
799 1512 855 1576 per
877 1495 941 1558 Fa.
965 1493 1062 1571 Quod
1085 1500 1156 1558 erat
1179 1496 1481 1559 demonstrandum.

880 1680 1000 1725 tumul.
1058 1686 1059 1690 ’

444 1816 483 1885 Si
516 1820 578 1889 aaa
612 1819 722 1886 circuli
755 1838 788 1883 sc
821 1837 852 1883 sc
886 1822 973 1884 intas
998 1824 1205 1901 contiacum,
1230 1841 1366 1905 qaorum
1390 1825 1524 1888 interio-

344 1948 421 1994 rem
443 1928 599 2012 quaelibet
622 1928 704 1994 litteo
725 1938 813 1993 recta
835 1931 1008 2010 coritinqot.
1031 1934 1218 1996 celeriorem
1248 1949 1321 1995 ocra
1349 1943 1438 2009 secet,
1463 1944 1525 1998 tres

347 2043 455 2107 lineae
479 2060 500 2109 a
521 2050 669 2107 contacta
691 2041 879 2106 circulorum
902 2041 945 2103 ad
969 2044 1031 2106 tria
1053 2054 1173 2123 pariclo
1199 2041 1301 2105 rectae
1325 2045 1423 2108 lineae
1453 2054 1527 2108 ton·

346 2153 484 2231 oeulis,
507 2170 614 2234 nempe
636 2151 678 2215 ad
699 2160 880 2216 contactum
902 2153 1061 2215 interioris
1084 2152 1214 2227 circuli,
1249 2162 1278 2215 et
1312 2154 1353 2216 ud
1376 2156 1526 2217 sectiones

352 2260 527 2326 exterioris
549 2266 743 2341 protractae,
762 2259 894 2339 aepulas
925 2261 958 2321 in
990 2269 1136 2324 contacta
1162 2261 1352 2325 circatorem
1382 2263 1528 2343 aequales

351 2372 575 2437 continebant.

448 2480 600 2562 'lenpaut
619 2496 658 2544 se
680 2480 769 2542 intus
786 2480 818 2543 in
839 2486 960 2562 puncto
978 2482 1006 2543 A
1026 2478 1121 2563 (Fiq.
1134 2478 1199 2565 92)
1215 2481 1283 2543 duo
1294 2480 1423 2554 circuli,
1439 2498 1526 2559 quo-

357 2569 581 2663 cumcontra,
603 2588 630 2652 B
654 2587 802 2662 rmnuris,
825 2588 849 2654 C
875 2588 1024 2671 majoris:
1049 2588 1238 2652 interiorem
1265 2604 1343 2651 vern
1366 2588 1530 2651 circulum

361 2697 531 2779 contingat
553 2699 643 2760 recta
667 2696 835 2777 quaelibet·
851 2696 939 2760 linea
963 2694 1017 2761 FG
1040 2696 1074 2759 in
1099 2700 1219 2777 puncto
1236 2695 1450 2778 ll‚·moj0rem
1469 2713 1531 2759 au·

365 2810 428 2867 tem
453 2808 542 2867 secet
564 2804 598 2869 in
623 2805 753 2885 punctis
777 2807 824 2879 F,
846 2804 896 2880 G,
919 2812 952 2869 et
974 2810 1213 2869 connectantur
1236 2811 1302 2869 tres
1325 2806 1432 2869 lineae
1455 2807 1533 2879 AF,

363 2911 535 2985 dll‚.AG.
558 2912 664 2985 Dico,
686 2914 825 2996 anguine
848 2916 890 2978 ab
918 2914 985 2978 illis
1018 2919 1188 2979 contentos
1217 2915 1326 2988 Fati,
1348 2915 1532 2981 danesse

364 3019 527 3101 aequales.
550 3018 757 3083 Extendatur
787 3022 846 3085 dli
871 3020 1046 3102 usquead
1068 3021 1370 3085 circumferentiam
1395 3026 1429 3086 iu
1453 3025 1477 3095 l,
1498 3029 1533 3087 et

366 3146 405 3191 ex
428 3128 553 3191 centris
578 3130 801 3209 producantur
823 3130 891 3199 BH.
914 3131 964 3202 dl,
982 3136 1015 3194 et
1035 3132 1224 3211 pereanem
1244 3137 1356 3194 centra
1376 3132 1475 3196 ducta
1491 3134 1534 3195 sit

366 3238 430 3312 BC,
454 3255 539 3319 quae
562 3243 697 3303 extensa
720 3240 817 3303 cadet
831 3240 865 3303 in
881 3246 1072 3330 contactum
1092 3244 1120 3304 A
1140 3245 1173 3305 et
1197 3242 1231 3303 in
1249 3240 1534 3306 circumferentias

366 3347 565 3411 circulorum
590 3351 624 3412 in
648 3346 677 3412 0
700 3353 733 3412 et
754 3348 794 3413 N.
818 3348 861 3412 Et
884 3349 961 3430 quia
995 3351 1109 3432 anguli
1142 3330 1234 3424 lCN‚
1259 3348 1344 3415 HBO
1380 3355 1535 3434 aequales

367 3461 462 3533 suut,
485 3474 563 3522 oum
586 3456 723 3537 quilibet
736 3458 892 3539 ipsorum
924 3458 1043 3539 duplus
1065 3459 1108 3522 sit
1131 3461 1244 3541 anguli
1267 3460 1351 3535 ΙΑΝ,
1375 3458 1472 3526 eruut
1494 3461 1537 3524 li·

366 3582 445 3629 neae
467 3564 536 3637 ΒΗ,
555 3565 595 3632 CI
619 3564 804 3646 parallelae.
827 3566 974 3658 Cumque
997 3567 1060 3631 BH·
1078 3585 1120 3631 ex
1134 3574 1257 3631 centra
1279 3569 1321 3631 ad
1344 3574 1535 3634 contactum

369 3674 408 3738 sit
432 3674 713 3756 perpendicularis
737 3675 778 3738 ad
803 3674 867 3746 FG.
891 3676 1105 3757 erit-qouque
1121 3677 1170 3740 od
1194 3680 1331 3742 eandem
1349 3679 1536 3760 perpendi-

371 3783 567 3859 cularistll,
590 3789 623 3848 et
645 3801 744 3848 arcas
767 3785 807 3849 Fl
828 3788 919 3849 arcui
943 3786 985 3852 lG
1009 3786 1165 3866 aequalis,
1185 3792 1218 3850 et
1233 3787 1319 3868 quod
1334 3801 1537 3866 consequens

370 3900 425 3972 est,
449 3893 591 3973 angulus
616 3893 683 3956 Far
708 3894 830 3975 angulo
853 3893 935 3959 lAG.
959 3894 1053 3971 Quod
1077 3900 1147 3956 erat
1169 3894 1416 3957 ostendendum.

605 4060 801 4163 ¹Tnnonuun
827 4058 922 4127 Xlll,
945 4058 1131 4122 Puerostrm
1156 4035 1285 4120 llllllll.

456 4218 496 4285 Si
518 4222 553 4284 in
576 4220 739 4284 horizonte
756 4228 927 4282 sumeretur
950 4218 1156 4297 deopertam,
1176 4224 1204 4277 et
1220 4216 1259 4277 ol
1278 4214 1376 4279 altero
1391 4215 1533 4295 ipsorum

372 4329 519 4407 quaelibet
542 4328 636 4393 linea¹
650 4344 757 4392 aerias
780 4328 916 4394 alteram
939 4326 1120 4397 inclinetur,
1144 4344 1184 4388 ecc
1207 4342 1270 4405 qao
1293 4324 1335 4386 ad
1352 4324 1538 4388 inclinatam

372 4448 452 4503 recta
476 4437 729 4509 discederetur,
752 4456 792 4502 ee
815 4456 851 4500 ec
873 4446 995 4518 partem
1018 4435 1202 4499 abscindens
1222 4435 1385 4514 aequatem
1404 4434 1445 4509 ei,
1458 4452 1540 4516 qaae

372 4545 593 4627 interpuncta
617 4544 786 4617 horizontis
810 4546 1020 4624 intercipere,
1044 4559 1137 4605 casas
1159 4559 1214 4621 per
1236 4543 1318 4605 donc
1342 4543 1469 4630 doctam
1492 4545 1540 4605 ci-

372 4655 430 4718 tios
466 4653 665 4725 adeoloetar,
691 4662 787 4733 qaam
817 4671 876 4734 per
909 4670 1116 4734 quascunque
1139 4651 1218 4713 olias
1248 4660 1349 4714 rectas
1374 4670 1415 4715 ea
1438 4650 1540 4713 codem

366 4772 487 4837 puncto
508 4761 551 4825 ad
573 4761 702 4847 eandm
724 4760 1120 4841 inclinatamprotractas..
1147 4756 1189 4821 fa
1212 4759 1281 4823 ollis
1309 4769 1436 4829 aaroni,
1462 4776 1566 4845 quoe¹

498 4865 623 4921 Gannico
639 4865 767 4920 Gatrusi.
786 4896 819 4906 -
839 4864 870 4918 Τ.
890 4864 973 4919 lllll.
1387 4867 1419 4914 27
