3925 5784
474 773 478 784 ,
593 747 764 793 urrunnun
789 749 867 794 rum
894 748 1047 794 urouunrn
1072 747 1203 804 ournrn.
1421 731 1485 797 287

313 878 357 934 est
383 877 418 935 ur
445 871 502 937 vo
524 871 565 935 au
589 868 669 944 on,
693 871 739 933 na
766 870 861 951 repra
887 871 946 935 ux
971 888 1048 933 eum
1088 870 1187 951 dupin
1214 871 1274 935 xu
1299 876 1330 933 n
1357 872 1412 935 xu
1444 873 1486 934 an
1520 895 1523 899 Δ
1583 839 1585 843 ’

313 980 443 1061 triplum
469 981 524 1043 XL
547 998 623 1044 eum
648 980 747 1061 dupio
774 981 834 1045 xit
857 985 890 1044 et
915 981 991 1045 XH:
1015 987 1048 1045 et
1071 984 1320 1062 componendo,
1344 989 1377 1047 et
1402 1003 1484 1049 eon·

312 1090 479 1165 vertendo‚
513 1090 578 1154 erit
605 1089 665 1155 OD
688 1090 730 1153 nd
755 1090 826 1163 DV,
852 1096 887 1154 ut
912 1091 969 1155 iix
996 1108 1071 1154 eum
1096 1091 1194 1171 dupla
1231 1093 1292 1155 xi(
1327 1099 1360 1156 et
1388 1093 1487 1174 tripla

312 1198 365 1261 XL
390 1197 435 1261 ed
458 1198 677 1280 quadruplam
704 1199 848 1290 ipserum
874 1199 948 1273 iix,
973 1199 1045 1274 XK,
1071 1199 1138 1263 XL.
1200 1253 1204 1258 .

400 1306 484 1373 Sunt
502 1303 767 1389 igitur-itinere
795 1305 1068 1390 proportionales,
1091 1297 1170 1377 iix(
1189 1305 1260 1381 titi,
1281 1294 1346 1380 XL,
1368 1311 1435 1373 XS:
1452 1317 1485 1373 et

308 1434 406 1496 quem
433 1417 595 1482 rationem
616 1417 719 1480 habet
743 1414 796 1481 XS
819 1417 860 1480 ed
885 1415 948 1489 ΒΗ,
971 1416 1058 1480 hanc
1082 1416 1182 1480 hebet
1206 1417 1291 1481 tinen
1314 1419 1476 1499 quaedum

309 1530 442 1607 sumpta
464 1524 524 1591 ΝΟ
547 1526 590 1589 ad
610 1526 743 1607 {ipsius
762 1525 832 1602 DV,
848 1544 965 1607 nempe
981 1527 1024 1591 ud
1040 1525 1120 1602 ΒΜ,
1136 1526 1200 1591 hoo
1219 1531 1278 1601 est,
1294 1527 1335 1591 ed
1350 1528 1365 1602 ἒ
1379 1530 1483 1610 ipsius

310 1636 387 1707 HK:
412 1652 512 1716 quam
536 1628 647 1699 entem
672 1636 833 1700 rationem
857 1636 956 1701 habet
979 1635 1041 1701 ΗΧ
1064 1652 1140 1699 cum
1165 1635 1265 1718 duple
1290 1635 1351 1701 XK
1371 1645 1402 1699 et
1419 1638 1481 1701 tri-

309 1744 361 1825 pia
385 1744 444 1809 XL
467 1744 510 1809 ud
532 1744 751 1827 quadruplam
774 1748 921 1829 ipsarum
945 1745 1019 1823 ΗΧ,
1042 1745 1113 1821 ΧΚ,
1139 1746 1206 1820 XL,
1230 1746 1369 1812 eundem
1384 1747 1483 1812 nabet

307 1855 372 1918 niin
396 1854 559 1937 quaedum
583 1861 713 1938 sumpte
736 1854 795 1921 OD
817 1856 858 1919 ud
882 1856 952 1933 DV,
976 1857 1038 1921 hoe
1063 1863 1112 1921 est
1136 1856 1177 1920 ad
1202 1856 1282 1921 HK:
1312 1874 1391 1940 ergo
1409 1854 1484 1942 (per

308 1980 344 2025 en
380 1980 467 2045 quae
500 1965 724 2030 demonstrata
748 1962 846 2052 sunt)
869 1966 928 2032 DN
951 1968 1014 2032 erit
1036 1973 1154 2049 quarta
1179 1986 1253 2050 pars
1277 1968 1381 2049 ipsius
1405 1969 1483 2043 ΗΧ,

308 2071 370 2136 hoe
393 2078 455 2145 est,
477 2073 580 2154 ipsius
604 2074 682 2146 AD:
704 2091 805 2154 quare
829 2083 986 2154 punctum
1004 2074 1034 2140 N
1052 2076 1115 2139 erit
1135 2074 1309 2158 gravitatis
1326 2079 1478 2139 centrum

306 2182 393 2257 enni,
424 2183 477 2245 vei
502 2183 695 2263 pyramidis,
716 2184 810 2266 eujus
834 2185 908 2248 auis
931 2184 999 2250 ni).
1025 2184 1073 2250 Sit
1096 2184 1288 2266 pyramidis,
1315 2184 1365 2248 vei
1389 2186 1478 2260 coni,

307 2289 400 2371 eujus
424 2292 498 2355 axis
521 2293 591 2368 AV,
614 2299 766 2358 centrum
789 2293 962 2376 gravitatis
984 2294 1008 2358 I.
1032 2294 1168 2361 Constat
1190 2294 1302 2377 igitur,
1326 2299 1475 2358 nentrum

307 2401 483 2481 gravitatis
506 2401 599 2466 frusti
624 2418 694 2466 esse
710 2404 744 2466 in
761 2403 846 2467 iinea
866 2403 910 2469 iN
929 2403 1097 2484 adportes
1114 2403 1144 2470 N
1160 2410 1307 2476 extensa,
1325 2403 1359 2467 in
1374 2421 1478 2487 eoque

306 2507 376 2587 ejus
400 2514 543 2596 puncto,
565 2511 620 2589 qui
644 2529 719 2574 eum
746 2511 867 2591 puncto
890 2509 919 2576 N
943 2509 1064 2576 tineam
1091 2511 1288 2593 intercipiat,
1314 2512 1360 2575 ad‘
1379 2530 1479 2594 quam

306 2616 348 2679 iN
371 2613 446 2679 eum
471 2616 592 2682 hebeat
613 2619 796 2695 rationem,
818 2635 918 2700 quum
941 2621 1124 2685 abscissum
1146 2620 1287 2686 frustum
1310 2621 1409 2687 hebet
1434 2622 1476 2686 ad

307 2726 513 2808 pyramidem
535 2726 587 2791 vei
611 2744 753 2799 conum,
777 2728 872 2810 eujus
895 2728 968 2793 exis
996 2730 1065 2794 AV.
1090 2728 1335 2796 Ostendendum
1364 2733 1477 2816 itaque

310 2843 432 2909 restet,
457 2835 501 2901 ΙΝ
524 2838 566 2901 nd
589 2838 649 2905 N0
667 2838 805 2902 eandem
828 2839 949 2902 hebere
973 2840 1136 2903 rationem
1160 2857 1259 2921 quum
1278 2837 1419 2906 frustum
1435 2840 1479 2903 nd

309 2965 445 3023 conum,
468 2948 561 3031 cujus
584 2948 657 3011 axis
689 2949 757 3012 AV.
780 2948 840 3012 Est
863 2954 974 3011 autem
998 2952 1034 3010 ut
1057 2965 1172 3025 eunus,
1194 2949 1386 3031 enjus‘uxis
1412 2948 1478 3022 DA,

311 3059 348 3122 ad
370 3057 506 3135 nonum,
522 3059 617 3139 nujus
638 3060 712 3121 axis
735 3058 810 3131 AV,
832 3057 1008 3120 ita'eubus
1031 3056 1089 3120 DA
1111 3058 1163 3121 nd·
1177 3058 1298 3121 nubum
1322 3057 1391 3130 AV,
1416 3057 1478 3121 troo

310 3174 378 3244 est,
401 3169 508 3232 cubus
531 3167 593 3231 ΗΧ
617 3167 657 3230 nd
680 3168 802 3231 cubum
826 3166 902 3239 xli:
927 3164 1008 3227 haee
1032 3171 1144 3228 autem
1167 3164 1280 3228 eadem
1315 3168 1366 3229 est
1401 3153 1481 3245 prod

311 3275 440 3357 porti0‚'
461 3293 559 3359 qnam
580 3276 683 3339 hahet
705 3276 767 3340 iix
790 3275 831 3340 ad
855 3274 923 3339 NS:
946 3290 1048 3353 quare
1083 3272 1274 3347 dividendo,
1298 3278 1334 3337 ut
1358 3271 1410 3336 HS
1434 3272 1495 3345 ndi

307 3384 367 3459 sx,
390 3387 439 3449 ita
454 3384 525 3447 'erit
548 3382 713 3457 inustum,
734 3382 830 3465 eujus
854 3382 930 3445 axis
951 3381 1021 3457 DV,
1043 3380 1085 3444 ad
1104 3397 1230 3445 ‘eonum
1251 3381 1303 3445 rei
1329 3375 1476 3462 pyrami·

307 3493 500 3575 domnulus
518 3491 592 3555 nris
618 3490 690 3564 VA;
713 3496 763 3555 ost
785 3494 909 3563 nutem,
932 3496 969 3553 ut
993 3489 1045 3555 HS
1068 3489 1111 3552 ad
1135 3488 1270 3562 Smin
1292 3488 1394 3553 etiam
1412 3471 1479 3555 NB

307 3601 344 3664 ad
364 3598 442 3667 ON:
466 3618 567 3682 quere
591 3598 733 3664 frustum
756 3598 799 3661 ed
823 3597 1158 3680 pyramidem—eujus
1182 3597 1256 3662 exis
1279 3599 1350 3675 AV,
1372 3605 1476 3664 estut

308 3710 366 3773 Ni)
387 3710 431 3772 ari
453 3707 523 3776 ΝΟ.
545 3708 589 3773 Et
610 3709 685 3790 quia
701 3706 761 3771 AN
780 3706 858 3793 eotp
876 3707 979 3789 ipsius
999 3707 1072 3783 ΑΙ);
1090 3707 1134 3772 ΑΙ
1149 3714 1260 3772 eutem
1278 3715 1327 3771 est
1341 3720 1356 3793 p
1370 3710 1474 3789 ipsius

310 3819 376 3891 AV,
411 3816 477 3881 erit
514 3815 640 3896 reliqua
663 3814 707 3881 IN
729 3817 744 3887 i
766 3815 910 3896 retiquae
935 3816 1006 3889 Vi);
1030 3834 1132 3896 quare
1154 3815 1199 3882 lN
1227 3813 1373 3895 aequalis
1410 3817 1474 3881 erit

312 3926 365 4005 ipsi
389 3923 473 3991 MD:
493 3927 537 3988 At
561 3924 821 3988 demonstratum
851 3930 922 3998 est,
945 3923 1011 3988 MD
1033 3923 1076 3987 ed
1100 3923 1158 3989 N0
1181 3940 1251 3987 esse
1273 3930 1310 3987 ut
1328 3924 1472 3992 frustum

314 4036 346 4098 ni
366 4053 489 4100 conum
512 4035 594 4106 Av;
616 4037 746 4097 onustat
766 4050 870 4114 ergo,
893 4032 977 4095 hano
1001 4032 1139 4094 eundem
1164 4032 1322 4096 retion'em
1351 4032 1472 4098 hebere

316 4144 403 4209 etium
425 4143 471 4210 iN
491 4143 536 4207 nd·
552 4141 636 4207 No:
651 4158 753 4224 quere
776 4147 865 4221 patet
889 4141 1102 4221 propositum.
1221 4173 1223 4180 ·
1294 4151 1299 4170 ¹
