3925 5784
408 715 473 779 258
714 732 859 778 urrunnun
885 732 985 778 nunna
1011 733 1113 779 nuova
1138 733 1268 782 seranna

407 857 510 936 igitur
531 856 730 935 quadratum
746 856 786 920 lB
802 855 939 935 aequale
954 856 1149 938 rectangulo
1163 858 1260 921 bra:
1276 857 1479 940 quadratum
1495 876 1580 924 vero

407 966 463 1030 DA
498 968 660 1046 aequatur
681 965 787 1028 eidem
812 964 1008 1046 rectaogulo
1040 982 1117 1029 euru
1140 963 1305 1047 quadrato
1328 960 1393 1030 ΡΙ).
1416 966 1450 1031 Si
1474 966 1582 1047 igitur

405 1091 447 1137 ex
480 1072 643 1154 quadrato
666 1073 724 1136 ba
746 1069 916 1136 auferatur
948 1073 1149 1152 quadratum
1173 1073 1234 1144 bl,
1257 1074 1346 1154 quod
1384 1074 1582 1157 reetangulo

267 1167 270 1178 ’
406 1182 486 1246 BFA
510 1187 559 1245 est
581 1180 740 1262 aequale,
764 1181 947 1244 remanebit
967 1180 1168 1260 quadratum
1195 1183 1273 1258 FD,
1295 1182 1393 1266 eujus
1416 1185 1506 1248 latus
1525 1185 1581 1248 DF

404 1293 555 1356 additum
577 1290 685 1354 lineae
707 1287 762 1352 Bl)
785 1284 876 1353 dabit
898 1285 1083 1369 quaesitam
1106 1290 1319 1356 altitudinem
1343 1292 1405 1357 BF.
1430 1293 1579 1374 Compo-

403 1401 495 1464 nitur
528 1401 639 1480 itaque
666 1397 714 1462 sio
741 1411 781 1460 ex
809 1396 906 1460 datis.
934 1393 987 1462 Ex
1013 1397 1178 1479 quadrato
1211 1399 1371 1464 dimidiae
1395 1402 1450 1465 BA
1473 1407 1578 1466 nolae

404 1509 499 1573 aufer
521 1509 721 1590 quadratum
745 1505 784 1569 111
803 1505 926 1586 puriter
941 1509 1054 1568 notae:
1074 1504 1198 1569 residui
1214 1522 1309 1570 sume
1324 1505 1471 1571 radicem
1489 1523 1578 1587 qna·

403 1614 545 1690 dratam,
568 1630 668 1696 quam
689 1612 774 1678 adde
797 1618 893 1676 uotae
915 1612 982 1687 nb,
1003 1618 1038 1675 et
1056 1612 1191 1676 babebis
1210 1612 1422 1678 altitudinem
1440 1615 1579 1695 quaesi·

404 1732 471 1789 tam
495 1724 559 1789 BF.
582 1724 790 1805 Exemplum.
813 1723 1014 1788 Invenienda
1028 1723 1072 1786 sit
1089 1721 1233 1787 altitudo
1252 1724 1517 1805 semiparabolae
1531 1725 1577 1789 ad

402 1833 622 1899 elevationem
644 1850 691 1914 gr.
717 1832 760 1895 55
788 1829 982 1912 descriptae.
1005 1830 1199 1912 Amplitudo
1220 1849 1263 1895 ex
1287 1833 1497 1913 praesedenti
1522 1839 1576 1897 ta·

402 1942 481 2007 bula
504 1946 553 2006 est
574 1940 685 2016 9396,
707 1941 779 2021 ejus
801 1939 977 2004 dimidium
1010 1945 1060 2003 est
1092 1938 1202 2014 tota,
1225 1939 1427 2020 quadratum
1461 1941 1574 2029 ipsius

401 2051 615 2125 22,071,aot;
639 2051 701 2114 boo
724 2050 857 2131 dempto
872 2066 914 2112 ex
930 2049 1095 2130 quadrato
1117 2048 1275 2113 dimidiae
1290 2050 1357 2123 lta,
1375 2052 1464 2131 quod
1481 2069 1574 2116 sern-

402 2179 459 2242 per
475 2161 564 2225 idem
578 2165 639 2235 est,
655 2175 771 2240 nempe
788 2157 998 2232 25‚000‚000,
1016 2157 1186 2222 residuum
1203 2163 1252 2221 est
1267 2157 1460 2234 numito,
1471 2161 1574 2243 eujus

402 2269 495 2334 radix
511 2270 674 2350 quadrata
694 2268 777 2332 1110
794 2269 952 2349 proxime.
975 2267 1064 2332 llaeo
1082 2267 1241 2330 dimidiae
1259 2266 1326 2340 ΒΑ,
1344 2284 1463 2350 nempe
1481 2269 1573 2335 5000

401 2378 526 2452 addita,
543 2379 678 2442 exhibet
693 2377 792 2451 6710,
817 2383 971 2457 tantaque
993 2383 1044 2441 est
1066 2376 1209 2440 altitudo
1230 2377 1293 2440 BF.
1315 2376 1389 2444 Non
1410 2381 1477 2442 erit
1494 2379 1576 2445 inu·

402 2488 479 2562 tile,
504 2489 635 2552 tertiam
669 2505 832 2568 exponere
869 2487 1041 2562 tabulam,
1063 2486 1255 2551 altitudines
1282 2493 1316 2551 et
1350 2488 1577 2554 sublimitates

399 2598 623 2661 continentem
646 2598 975 2678 semiparabolarnm‚
998 2613 1141 2678 quarum
1161 2597 1277 2661 eadem
1295 2595 1409 2662 sutura
1429 2598 1474 2663 sil
1495 2615 1574 2665 am·

401 2706 538 2786 plitndo.

487 2927 582 2993 Sion.
606 2929 729 3007 Questa
754 2925 855 2993 vedrb
877 2929 910 2991 io
934 2928 1036 2992 molto
1064 2926 1262 3001 volentieri,
1285 2926 1478 2994 mentroobd
1515 2949 1574 3011 per

398 3054 470 3101 essa
497 3036 591 3119 potrb
614 3038 709 3103 venir
732 3038 766 3101 in
789 3036 982 3118 eognizione
1004 3035 1091 3100 della
1113 3034 1289 3099 dillerenza
1312 3036 1528 3119 dogl’impeti
1553 3058 1573 3101 e

397 3149 481 3212 delle
504 3149 591 3213 lorze
613 3149 676 3213 obe
698 3149 725 3213 si
751 3149 921 3211 riceroano
944 3164 1001 3229 per
1024 3147 1174 3211 oauoiare
1194 3146 1217 3210 il
1238 3146 1377 3230 projetto
1394 3149 1483 3214 nella
1501 3167 1571 3213 me·

397 3257 523 3320 desima
546 3256 744 3321 lontananza
766 3273 829 3320 oon
852 3256 907 3319 tiri
931 3255 994 3319 ebe
1016 3255 1193 3320 obiamano
1216 3256 1249 3319 di
1274 3256 1409 3330 volata;
1434 3257 1468 3321 la
1490 3260 1570 3340 qual

396 3367 571 3430 dillerenza
593 3367 693 3430 oredo
714 3366 776 3429 obe
798 3366 847 3429 sia
872 3364 1094 3447 grandissima
1116 3363 1259 3429 seeundo
1285 3365 1317 3428 le
1338 3365 1472 3431 diverse
1494 3369 1567 3431 ele·

397 3472 552 3536 razioui:
574 3468 601 3535 si
624 3472 697 3546 cbo,
720 3489 776 3552 per
798 3472 954 3553 esempio,
976 3488 1013 3535 se
1034 3473 1111 3536 altri
1135 3473 1262 3538 volasse
1284 3473 1352 3538 alla
1374 3474 1570 3541 elevaziono

396 3578 429 3641 di
454 3578 475 3644 3
496 3596 518 3642 o
539 3578 561 3642 l
584 3578 729 3661 gradi,o
752 3580 785 3643 di
808 3579 851 3644 81
876 3598 897 3644 o
918 3579 973 3657 88,
990 3580 1040 3645 lar
1056 3581 1155 3646 oader
1178 3581 1210 3644 la
1226 3581 1315 3662 palla
1334 3583 1419 3648 dove
1435 3582 1474 3647 iu
1490 3601 1569 3649 oao-

395 3688 484 3752 oiata
516 3687 583 3752 alla
616 3688 805 3754 elevazione
827 3690 860 3754 di
884 3689 929 3754 45
951 3687 1058 3775 (dove
1092 3689 1119 3753 si
1148 3685 1167 3754 e
1194 3696 1354 3755 mostrato
1389 3691 1567 3758 rioeroarsi

397 3798 416 3859 l’
428 3798 551 3880 impeto
566 3794 728 3882 minimo),
750 3798 852 3863 oredo
874 3799 901 3862 si
926 3798 1175 3863 rieereberebbe
1191 3815 1236 3862 un
1254 3815 1388 3863 moosso
1404 3799 1571 3866 immenso

418 3912 426 3926 '
503 3925 552 3972 za.

394 3913 427 3974 ¹¹¹
452 3911 577 4079 ίΟὲΛιν.
605 4016 641 4078 V.
664 4015 694 4078 S.
720 4015 818 4078 stima
854 4014 1054 4088 benissimo,
1077 4033 1095 4076 e
1120 4008 1222 4078 vedrd
1248 4014 1310 4078 obe
1334 4033 1392 4096 per
1413 4017 1569 4098 eseguire

395 4123 414 4187 l’
426 4141 527 4206 opera
551 4124 657 4188 intera
682 4126 715 4187 in
744 4129 828 4187 tutte
858 4123 886 4186 le
914 4124 1096 4189 elevazioni
1126 4125 1265 4207 bisogna
1287 4125 1413 4192 andare
1435 4143 1458 4191 a
1481 4145 1566 4211 gran

393 4249 490 4312 passo
514 4249 609 4297 verso
632 4232 652 4293 l'
664 4234 788 4314 impeto
807 4231 945 4296 infinito.
965 4231 1012 4297 Or
1032 4232 1185 4298 vediamo
1201 4232 1232 4296 la
1251 4235 1464 4298 eostruzione
1479 4235 1568 4300 della

393 4340 528 4404 Tarula.
