3925 5784
394 698 458 764 198
696 715 842 761 aramum
866 714 967 761 onnen
992 713 1094 762 nuovo
1118 717 1244 765 serenan

481 837 614 900 Poterat
636 838 750 899 antem
774 835 996 899 universalius
1030 836 1117 903 idem
1153 839 1313 919 proponi:
1349 839 1435 921 qnod
1471 840 1562 903 eninr

393 943 570 1044 aoeiditbin
595 942 857 1025 perpendiculari
881 950 913 1006 et
938 942 1235 1024 planorinelinatm
1258 946 1422 1030 contingit
1457 948 1564 1010 etiam

394 1053 422 1119 si
455 1057 529 1136 post
563 1058 691 1118 motum
724 1054 759 1115 in
794 1052 892 1133 plano
925 1055 1070 1135 quodam
1105 1054 1264 1119 inclinato
1289 1055 1479 1121 inileelatnr
1504 1074 1564 1137 per

384 1161 502 1245 ,magis
524 1161 743 1242 inclinatum3
767 1164 805 1223 ut
829 1161 961 1225 videtur
979 1163 1014 1225 in
1034 1162 1140 1226 altera
1158 1162 1288 1247 ligura:
1312 1165 1495 1248 eademque
1514 1170 1565 1229 est

394 1270 642 1336 demonstratio.
1328 1277 1331 1285 '

666 1445 838 1508 Panaenum
863 1445 949 1514 vill,
971 1439 1158 1510 Puerosrrro
1187 1447 1288 1511 llllll.

489 1599 578 1666 Delie
599 1602 720 1665 duodus
743 1603 928 1683 temporibus
952 1603 1185 1685 inaequalibus·
1206 1612 1237 1667 el
1269 1605 1378 1684 spolio,
1415 1602 1502 1685 pund
1531 1605 1566 1666 iu

393 1710 614 1793 perpendiculo
635 1728 678 1776 eu
700 1710 801 1793 quiete
822 1711 987 1794 conficitur
1013 1719 1148 1792 tempore
1165 1711 1305 1776 'breviori
1340 1729 1381 1776 eae
1416 1709 1516 1775 dolie:
1546 1706 1569 1774 α’

393 1827 511 1901 puneio
525 1837 675 1902 supremo
694 1820 906 1901 perpendiculi
928 1838 1027 1903 usque
1049 1819 1091 1883 ad
1113 1821 1303 1884 horizontem
1322 1820 1456 1902 planum
1472 1820 1567 1898 torte-

396 1937 486 2002 etere‚
502 1948 595 2013 super
611 1949 674 2013 quo
685 1930 792 1995 monite
805 1930 967 2011 derreuddt
984 1939 1116 2014 tempore
1130 1932 1256 2013 aequali
1271 1931 1403 2011 loupiore'
1417 1949 1458 1996 ex
1474 1930 1567 1995 dotis.

390 2060 392 2064 ’
485 2041 644 2122 Tempora
657 2039 846 2121 inaequalia
862 2040 1101 2123 sintAmajus
1119 2036 1201 2125 (nep.
1214 2036 1282 2125 78),
1302 2041 1325 2103 Β
1344 2057 1422 2104 vero
1439 2040 1565 2113 minus3
1600 2057 1603 2063 ⁴

396 2150 540 2231 epatium
564 2154 688 2226 antem,
709 2150 799 2231 quod
821 2149 853 2214 in
880 2147 1115 2230 perpendiculo
1139 2148 1317 2213 eonfieitur
1333 2165 1377 2212 ex
1395 2147 1510 2229 quiete
1533 2148 1566 2209 in

395 2264 542 2342 tempore
564 2260 606 2334 Β,
628 2260 672 2323 sit
694 2258 758 2325 (ID.
783 2257 919 2340 Oportet
941 2275 984 2321 ex
1009 2257 1149 2322 termino
1172 2258 1197 2323 C
1223 2258 1358 2339 planum
1382 2261 1489 2338 nsque
1523 2256 1566 2319 ad

395 2368 601 2433 horizontem
620 2368 798 2439 inflectere,
821 2367 910 2449 quod
926 2374 1073 2449 tempore
1097 2371 1124 2431 A
1146 2366 1355 2432 conficiatur.
1381 2366 1455 2431 Fiat
1480 2374 1518 2430 ut
1540 2367 1566 2429 Β

272 2472 273 2475 ’
396 2477 439 2541 ad
463 2480 506 2550 ΑἸ
522 2478 572 2540 ita
595 2476 650 2542 CD
672 2475 713 2539 ad
737 2476 837 2539 aliam
861 2475 1003 2545 lineam,
1028 2476 1083 2539 eui
1107 2475 1194 2539 linea
1217 2474 1275 2541 CX
1298 2475 1448 2558 aequalis
1473 2493 1516 2539 ex
1540 2475 1564 2541 C

397 2588 439 2651 ad
461 2585 666 2650 horizontem
689 2584 880 2648 descendat:
904 2583 1117 2649 manifestum
1133 2588 1194 2660 est,
1211 2586 1345 2665 planum
1363 2585 1420 2651 CX
1436 2602 1509 2649 esse
1526 2585 1567 2647 il-

396 2695 466 2773 lud,
483 2711 582 2775 super
603 2710 670 2774 quo
691 2692 813 2755 mobile
833 2692 1003 2758 deseendit
1025 2698 1173 2773 tempore
1194 2691 1274 2756 dato
1291 2669 1328 2758 Ᾰ.
1346 2691 1567 2756 Demonstra-

397 2809 469 2872 tum
492 2803 581 2866 enim
604 2808 675 2877 est,
698 2806 829 2881 tempus
852 2817 909 2880 per
932 2800 1066 2880 pianum
1091 2800 1288 2864 inclinatum
1312 2800 1354 2864 ad
1379 2807 1510 2882 tempus
1533 2801 1566 2863 in

313 2989 316 2993 Α
396 2931 458 2980 aua
480 2914 664 2979 elevatione
686 2929 760 2975 eam
791 2911 912 2978 habere
936 2912 1109 2984 rationem,
1132 2927 1232 2992 qnam
1255 2910 1354 2973 habet
1378 2909 1468 2992 plani
1495 2908 1566 2980 lon·

397 3026 514 3108 gitudo
542 3025 584 3088 ad
605 3024 847 3106 longitudinem
881 3022 1077 3086 elevationis
1100 3039 1191 3086 suae.
1215 3023 1359 3101 Tempus
1382 3021 1488 3103 igitur
1511 3036 1567 3100 ρετ

395 3135 453 3200 dx
476 3134 518 3198 ad
541 3139 672 3215 tempus
696 3149 752 3213 ρετ
775 3130 832 3196 CB
853 3135 903 3194 est
926 3137 964 3194 ut
987 3129 1044 3196 CX
1068 3129 1110 3193 ad
1134 3129 1348 3202 demovere
1373 3135 1410 3194 ut
1435 3134 1566 3209 tempus

397 3247 424 3331 Α
448 3227 491 3306 ad
508 3235 644 3324 ¹tempus
666 3242 707 3315 Β;
732 3246 861 3321 tempus
885 3258 964 3303 vero
986 3239 1012 3301 Β
1035 3243 1085 3302 est
1100 3237 1195 3315 illud,
1210 3256 1276 3320 quo
1295 3236 1474 3302 coniicitur
1493 3254 1567 3319 per·

396 3350 609 3431 pendieulum
633 3348 688 3414 ΟΒ
720 3367 763 3413 ex
788 3341 914 3431 qniete3
942 3366 1023 3431 ergo
1046 3353 1176 3430 tempus
1211 3351 1238 3410 Α
1274 3355 1323 3412 est
1358 3346 1466 3422 illud,
1501 3364 1566 3427 quo

399 3457 577 3522 eoniieitur
601 3457 734 3540 planum
752 3456 821 3523 CX.

678 3627 850 3703 Pnonnnna
873 3591 1281 3728 lll‚Paoros1rroJlllllll.
1307 3581 1310 3586 <

417 3778 430 3854 s
489 3785 572 3852 Doto
592 3787 693 3869 spatio
715 3788 825 3869 quouis
849 3796 982 3868 tempore
1001 3795 1131 3867 peraeto
1154 3802 1195 3849 ear
1217 3785 1319 3866 putere
1340 3783 1376 3847 iu
1399 3781 1565 3865 perpendi·

396 3899 477 3976 rulo,
499 3916 540 3963 eu
557 3898 696 3962 ‘termino
717 3899 780 3962 iuro
803 3896 899 3978 lrujrts
923 3895 1019 3977 spatii
1039 3894 1170 3977 planum
1193 3893 1357 3976 inflectere,
1380 3909 1478 3974 super
1507 3910 1569 3974 quo

393 4017 464 4091 port
487 4024 596 4073 eurum
619 4008 655 4070 io
675 4005 895 4090 perpendiculo
918 4015 1052 4086 tempore
1076 4004 1180 4068 eodem
1213 4003 1398 4090 confidatur
1430 4003 1567 4083 spatium

397 4107 520 4179 cuilibet
543 4115 644 4195 spatio
666 4114 740 4178 doto
758 4112 905 4196 aequale,-
919 4113 1005 4194 quod
1021 4123 1125 4177 tomen
1140 4114 1244 4195 majus
1258 4114 1298 4175 sit
1313 4129 1413 4193 quom
1427 4109 1566 4192 duplum,

397 4226 503 4287 minue
526 4242 599 4289 vero
622 4244 718 4307 quom
742 4224 869 4305 triplum
892 4224 988 4304 sputr'r‘
1008 4225 1129 4306 peracti
1150 4227 1185 4287 iu
1204 4215 1438 4305 perpendiculo.

487 4334 535 4399 Sit
557 4336 591 4398 in
616 4334 848 4416 perpendiculo
872 4333 924 4398 AS
948 4330 1031 4418 (Flo.
1054 4334 1110 4421 79)
1139 4341 1286 4415 tempore
1311 4333 1363 4398 AC
1391 4339 1564 4416 peractum

399 4445 544 4526 spatium
560 4445 613 4511 AC
637 4463 679 4509 ex
693 4446 803 4527 quiete
825 4445 859 4507 in
877 4448 916 4518 Α,
939 4444 1035 4527 enjus
1059 4446 1101 4509 1Β
1115 4446 1222 4528 majus
1241 4445 1282 4507 sit
1295 4460 1395 4525 quam
1417 4442 1568 4523 duplum,

400 4555 512 4618 minus
526 4571 605 4619 vero
626 4547 725 4636 paam
751 4546 896 4636 triplum.
921 4552 1058 4635 Oportet
1081 4572 1122 4617 ex
1147 4554 1288 4617 termino
1310 4551 1335 4618 G
1361 4551 1498 4632 planum
1516 4551 1568 4612 in·

400 4663 530 4728 flectere
554 4680 739 4744 superque
766 4665 887 4728 mobile
915 4665 1030 4728 eodem
1058 4668 1204 4743 tempore
1228 4660 1281 4727 AC
1311 4657 1468 4722 conficiat
1497 4662 1567 4739 post

402 4790 518 4837 nasum
539 4791 595 4854 per
619 4773 673 4837 Ga
690 4772 834 4853 spatium
849 4774 912 4854 ipsi
929 4774 971 4836 lR
989 4771 1134 4852 aequale.
1158 4771 1230 4837 Sint
1247 4768 1327 4845 RN,
1349 4767 1414 4834 NM
1431 4767 1496 4865 ipsi
1512 4767 1565 4831 AC
