3925 5784
466 713 529 779 182
662 726 666 734 ’
770 725 924 775 ntasocur·
942 727 1046 775 nurse
1069 728 1172 775 uuovn
1197 729 1323 777 scrauas

460 856 602 916 metrum
621 848 918 933 perpendiculares.
932 854 965 911 et
985 848 1259 931 inter-planorum
1277 849 1346 925 EA,
1364 850 1422 914 AD
1436 848 1637 914 altitudines

460 958 568 1023 media
590 959 632 1022 sit
656 956 909 1039 proportionalis
932 957 985 1021 Al.
1009 957 1052 1022 llt
1082 957 1162 1039 quia
1196 946 1391 1038 rectangula
1419 958 1526 1033 ΓΑΕ,
1549 958 1638 1023 Fau

460 1065 610 1148 aequalia
633 1067 710 1130 sunt
733 1064 904 1146 quadratis
927 1065 995 1144 AC,
1018 1067 1094 1140 AB3
1113 1071 1149 1130 ut
1168 1073 1279 1130 autem
1299 1066 1529 1149 rectangulum
1549 1066 1636 1130 FAE

459 1174 503 1240 ad
525 1174 754 1257 rectangulum
780 1172 875 1248 FAD,
897 1172 946 1236 ita
970 1173 1028 1238 EA
1052 1175 1092 1238 ad
1116 1174 1194 1248 All;
1208 1191 1287 1257 ergo
1308 1179 1345 1238 ut
1359 1174 1562 1256 quadratum
1579 1174 1637 1243 GA

458 1281 502 1347 ad
523 1282 723 1364 quadratum
747 1280 813 1350 AB,
836 1280 885 1344 ita
906 1280 965 1345 EA
990 1281 1076 1345 linea
1092 1282 1135 1346 ad
1154 1281 1275 1347 lineam
1296 1282 1365 1346 Al).
1387 1283 1512 1349 Verum
1536 1287 1578 1347 ut
1594 1282 1637 1346 li-

460 1407 522 1455 nea
544 1390 603 1454 EA
629 1388 671 1452 ad
701 1389 775 1459 DA,
797 1389 844 1452 ita
867 1389 1069 1471 quadratum
1092 1391 1136 1456 lA
1159 1392 1200 1456 ad
1225 1395 1425 1474 quadratum
1455 1394 1528 1467 Ab;
1552 1411 1638 1477 ergo

460 1500 623 1582 quadrata
646 1498 808 1563 linearum
831 1498 897 1571 uA.
922 1500 977 1565 AB
1001 1502 1078 1565 sunt
1102 1501 1188 1566 inter
1210 1519 1256 1574 se,
1278 1512 1316 1568 ut
1339 1503 1503 1584 quadratu
1526 1503 1636 1568 linea·

460 1627 535 1675 rum
558 1610 614 1683 lA,
636 1608 710 1685 Al),
733 1614 766 1672 et
788 1610 862 1674 ideo
886 1614 923 1673 ut
946 1608 1002 1676 CA
1025 1609 1113 1674 linea
1135 1611 1178 1675 ud
1202 1612 1274 1686 AB.
1297 1612 1348 1676 ita·
1367 1612 1411 1677 lA
1434 1612 1476 1676 ad
1497 1612 1567 1677 Al).
1592 1614 1638 1675 At

462 1720 496 1784 in
519 1718 726 1801 praecedenti
749 1719 1012 1786 demonstratum
1026 1725 1087 1797 est,
1104 1722 1265 1786 rationem
1283 1711 1442 1804 temporis
1457 1721 1638 1787 descensus

461 1845 519 1910 per
541 1826 603 1895 Ad
619 1826 661 1892 ad
684 1833 814 1909 tempus
836 1828 1015 1893 descensus
1039 1844 1096 1911 per
1118 1829 1185 1907 AB,
1204 1831 1357 1913 componi
1381 1847 1423 1894 ex
1446 1830 1637 1894 rationibus

461 1935 518 2004 CA
529 1938 572 2003 ad
584 1937 640 2003 AB
654 1940 688 2001 et
701 1937 759 2003 DA
772 1938 815 2002 ud
826 1938 883 2013 ΑΙ,
896 1954 982 2019 quae
997 1944 1047 2003 est
1063 1938 1178 2005 eadem
1198 1957 1275 2004 eum
1291 1938 1420 2004 ratione
1435 1939 1491 2004 BA
1503 1937 1546 2001 ad
1563 1935 1638 2011 AC;

460 2063 540 2132 ergo
562 2048 649 2112 ratio
667 2047 825 2130 temporis
839 2048 1017 2112 descensus
1032 2066 1089 2130 per
1105 2049 1159 2116 AC
1177 2050 1218 2114 ad
1239 2056 1367 2131 tempus
1381 2047 1561 2113 descensus
1578 2064 1638 2129 per

461 2156 517 2222 AB
538 2156 749 2239 componitur
769 2174 810 2220 ex
834 2156 1021 2222 rationibus
1043 2156 1100 2246 CA
1123 2160 1166 2224 ad
1189 2159 1254 2230 AB,
1278 2165 1312 2222 et
1335 2159 1392 2224 BA
1415 2157 1456 2221 ad
1480 2155 1548 2224 Ac.
1573 2155 1635 2220 list

460 2265 670 2356 igiturratio
688 2264 879 2329 eorumdem
899 2270 1085 2348 temporum
1105 2268 1193 2331 ratio
1209 2267 1431 2348 aequalitatis,
1448 2281 1528 2350 ergo
1546 2269 1636 2347 patet

460 2369 676 2458 propositum.
747 2409 749 2414 ·
1230 2391 1233 2396 ·

544 2482 639 2547 ¹ldem
676 2481 772 2546 aliter
805 2482 1051 2547 demonstratur
1084 2499 1127 2547 ex
1154 2483 1229 2546 meis
1258 2481 1483 2556 mechanicis,
1517 2497 1635 2562 nempe

461 2584 557 2673 (Fip.
582 2586 647 2674 56)
672 2589 791 2653 mobile
817 2590 1019 2671 temporibus
1042 2591 1237 2672 aequalibus
1258 2585 1458 2671 pertransire
1477 2588 1546 2665 CA,
1566 2589 1633 2654 DA.

462 2698 512 2765 Slt
533 2699 623 2763 enim
647 2700 701 2765 uA
727 2699 874 2782 aequalis
898 2700 960 2782 ipsi
988 2701 1058 2777 DA,
1084 2706 1118 2764 et
1144 2703 1311 2770 ducantur
1346 2698 1635 2783 perpendiculares

460 2810 528 2882 ΒΕ,
541 2809 609 2884 um
624 2814 755 2874 constat
767 2826 809 2872 ex
825 2811 901 2872 meis
915 2810 1087 2874 elementis
1104 2809 1307 2874 mechanicis
1327 2814 1534 2874 momentum
1552 2823 1634 2888 pon·

460 2918 549 2983 deris
572 2935 671 2999 super
693 2918 791 2999 plano
815 2916 998 2981 secundum
1021 2917 1143 2983 lineam
1168 2917 1250 2984 ABG
1274 2917 1404 2982 elevato
1425 2917 1467 2981 ad
1483 2932 1634 2980 momen·

462 3032 534 3092 tum
560 3039 658 3092 suum
684 3027 785 3091 totale
807 3043 888 3097 esse,
912 3031 949 3090 ut
972 3026 1026 3091 BE
1051 3021 1093 3090 ad
1109 3026 1176 3102 BA,
1196 3027 1249 3089 vel
1270 3024 1313 3090 ad
1332 3025 1402 3101 DA,
1420 3024 1634 3109 eiusdemque

460 3136 614 3218 ponderis
638 3140 841 3200 momentum
866 3151 965 3216 super
987 3136 1171 3199 elevatione
1196 3135 1254 3200 Ab
1270 3136 1311 3199 ad
1329 3134 1429 3199 totale
1443 3147 1544 3197 suum
1562 3150 1633 3196 mo·

460 3253 609 3312 mentum
633 3263 715 3317 esse,
737 3251 775 3309 ut
797 3244 851 3310 DF
870 3244 912 3307 ad
935 3245 1004 3319 DA,
1029 3244 1080 3310 vel
1105 3246 1181 3308 BA:
1199 3260 1280 3327 ergo
1302 3242 1451 3325 ejusdem
1477 3240 1631 3322 ponderis

463 3362 666 3422 momentum
683 3373 781 3437 super
797 3354 895 3436 plano
911 3354 1092 3419 secundum
1113 3353 1171 3418 DA
1188 3352 1349 3417 inclinato
1368 3352 1408 3415 ad
1426 3355 1631 3415 momentum

462 3483 561 3548 super
582 3466 797 3530 inclinatione
820 3464 1003 3530 secundum
1027 3464 1109 3530 ABG
1133 3469 1194 3539 est,
1213 3468 1250 3526 ut
1266 3462 1353 3525 linea
1372 3461 1426 3527 DF
1445 3460 1488 3524 ed
1508 3459 1628 3523 lineam

461 3577 525 3642 BE.
549 3576 660 3654 Quare
682 3576 799 3657 spatia,
820 3592 906 3657 quae
929 3575 1141 3657 pertransibit
1163 3575 1249 3639 idem
1274 3571 1402 3655 pnndm
1425 3570 1629 3651 temporibus

462 3682 657 3764 aequalibus
680 3699 779 3762 super
801 3681 1071 3747 inclinationibus
1093 3682 1163 3757 da,
1187 3682 1261 3757 DA,
1285 3685 1382 3744 erunt
1413 3681 1500 3743 inter
1521 3696 1567 3748 se,
1592 3682 1627 3740 ut

462 3792 567 3859 lineae
589 3793 658 3864 BE,
683 3792 749 3862 DF,
773 3812 816 3856 ex
838 3793 1228 3875 propositione-secunda
1252 3791 1348 3873 primi
1373 3790 1448 3854 libri
1472 3788 1570 3869 liujus
1592 3788 1627 3850 de

461 3908 549 3965 motu
570 3900 725 3983 aequabili
747 3901 782 3963 in
806 3901 873 3964 eius
896 3919 1055 3965 converso.
1082 3900 1203 3964 Verum
1228 3887 1265 3964 ut
1287 3900 1340 3965 BE
1366 3897 1406 3962 ad
1424 3897 1490 3972 DF,
1506 3897 1555 3961 ita
1573 3896 1629 3961 de·

462 4016 666 4076 monstratur
687 4028 722 4076 se
752 4011 873 4076 habere
895 4010 949 4078 AC
974 4010 1017 4075 ad
1041 4011 1113 4084 DA;
1137 4028 1216 4093 ergo
1237 4010 1340 4074 idem·
1357 4008 1479 4072 mobile
1501 4010 1628 4088 tempo-

439 4157 441 4160 -
462 4116 554 4209 ribus
572 4117 766 4200 aequalibus
791 4119 967 4199 pertransit
990 4119 1094 4183 lineus
1117 4120 1184 4195 CA,
1209 4119 1277 4183 DA.

551 4227 633 4291 Esse
656 4233 767 4290 autem
790 4233 829 4289 ut
851 4228 905 4292 BE
929 4228 969 4291 ad
995 4227 1071 4301 DF,
1097 4226 1144 4290 ita
1171 4226 1226 4293 CA
1250 4225 1291 4288 ad
1315 4226 1395 4295 DA,
1420 4224 1467 4288 ita
1490 4224 1628 4288 demon-

464 4343 610 4401 stratur:

552 4447 717 4529 iungatur
740 4450 805 4520 cb.
828 4454 860 4511 et
884 4466 940 4530 per
963 4449 1045 4513 Det
1069 4449 1094 4512 B
1117 4446 1180 4527 ipsi
1204 4446 1259 4510 AF
1285 4444 1462 4527 parallelae
1485 4448 1629 4526 agantur

463 4554 570 4627 buc,
592 4572 708 4620 secans
731 4556 786 4622 CA
809 4560 843 4621 in
869 4564 991 4639 puncto
1013 4558 1050 4634 l,
1073 4563 1105 4621 et
1128 4557 1207 4622 BH:
1235 4555 1364 4636 eritque
1386 4553 1530 4637 angulus
1560 4553 1629 4617 Abl

464 4664 613 4746 aequalis
636 4666 758 4747 angulo
780 4666 876 4739 MA,
894 4684 970 4730 cum
991 4666 1255 4732 circunlerentiis
1276 4665 1340 4739 LA,
1361 4665 1419 4729 Al)
1434 4664 1627 4745 aequalibus

464 4774 628 4846 insistant,
652 4781 766 4857 estque
787 4778 929 4859 angulus
953 4776 1036 4844 llAC
1061 4777 1268 4841 communis:
1291 4792 1370 4855 ergo
1388 4776 1627 4857 triangulorum
