3925 5784
394 714 460 778 204
709 727 855 773 urnuoeur
881 726 982 772 uentu
1003 725 1105 772 unove
1126 726 1255 773 serenas

396 857 467 916 erat
491 852 597 932 primo
620 850 869 934 ostendendum.
894 850 936 914 Et
960 850 1050 930 quia,
1075 854 1113 913 ut
1137 856 1206 914 tota
1229 850 1284 914 ΕΒ
1307 849 1350 912 nd
1374 853 1478 912 totam
1503 847 1570 919 BD.

397 962 444 1024 ita
467 960 579 1024 ablata
603 959 657 1024 DB
682 958 724 1021 ad
748 958 893 1022 ablatem
918 958 981 1032 BF,
1005 957 1078 1032 erit,
1102 963 1140 1021 ut
1164 962 1234 1021 tots
1259 958 1313 1021 ΕΒ
1333 956 1374 1020 ab
1396 960 1500 1020 totam
1517 955 1574 1020 BD

397 1069 444 1132 ita
467 1067 593 1151 relique
617 1066 676 1132 El)
697 1065 819 1150 adlle.
840 1065 899 1129 Est
916 1071 1029 1130 autem
1053 1066 1107 1132 ΕΒ
1133 1067 1238 1149 major
1261 1066 1334 1130 BD:
1356 1083 1436 1149 ergo
1458 1071 1492 1129 et
1516 1064 1575 1129 ΕΙ)

397 1175 504 1258 major
525 1176 589 1247 DF,
613 1183 645 1240 et
665 1174 719 1238 EF
744 1173 854 1238 minor
878 1191 979 1254 quam
1004 1174 1106 1256 dupla
1129 1175 1196 1250 DE,
1221 1192 1278 1238 seu
1294 1176 1350 1239 ΑΕ
1365 1195 1374 1248 ;
1389 1178 1478 1258 quod
1500 1179 1572 1239 erat

397 1284 647 1348 ostendendum.
680 1282 770 1347 lbera
805 1286 917 1345 autem
941 1281 1071 1346 aaoidet
1095 1282 1121 1346 si
1147 1288 1259 1348 matus
1285 1283 1484 1363 praecedens
1509 1300 1575 1347 nou

399 1393 433 1457 in
457 1390 700 1474 perpendiculo,
721 1391 777 1454 sed
797 1392 831 1453 in
852 1389 949 1471 plano
972 1389 1133 1454 inaliuata
1149 1389 1230 1466 θεῖς
1251 1391 1432 1472 eademque
1450 1397 1503 1457 est
1517 1392 1575 1455 de·

399 1502 617 1575 monstratio,
639 1500 817 1565 dummodo
852 1499 987 1581 planum
1021 1497 1183 1563 reflexum
1213 1500 1256 1564 sit
1285 1499 1396 1564 minus
1420 1500 1575 1574 acelive,

400 1629 516 1693 nempe
539 1611 670 1691 longius
696 1610 797 1691 piano
819 1608 951 1673 deolivi.

669 1781 847 1844 Tumultus
878 1780 968 1851 xv1.
992 1782 1178 1848 Puoeasrua
1204 1782 1305 1848 XXV.
1371 1751 1374 1756 ι

491 1933 529 1997 Si
548 1944 616 2017 post
637 1953 748 2000 oasam
769 1954 825 2018 per
847 1935 976 2017 aliquod
997 1936 1128 2017 planam
1152 1934 1197 2022 (1)
1222 1944 1375 2018 sequatur
1395 1945 1501 2002 motas
1518 1954 1576 2018 per

346 2100 349 2104 .
398 2045 530 2125 planam
553 2044 733 2117 horizontis,
758 2046 817 2107 erit
842 2053 963 2124 tempas
988 2061 1081 2108 sasas
1103 2062 1161 2126 per
1175 2044 1308 2127 planam
1326 2045 1518 2109 inclinatum
1534 2031 1576 2107 aa

402 2164 522 2237 tempas
545 2161 647 2219 motas
668 2170 724 2234 per
746 2153 917 2235 quamlibet
940 2154 1057 2217 lineam
1080 2153 1268 2225 horizontis,
1294 2160 1330 2217 nt
1351 2150 1447 2234 ‹lnpla
1470 2152 1574 2233 lonpi·

402 2264 477 2329 tado
494 2264 584 2345 plani
607 2263 754 2328 inclinati
778 2262 955 2327 obtineam
979 2271 1138 2345 arreptam
1162 2263 1342 2332 horizontis.

491 2371 540 2438 Sit
562 2372 649 2435 linea
672 2371 855 2434 horizontis
877 2369 930 2437 CB
955 2368 1041 2456 (Fip.
1057 2368 1124 2456 85),
1150 2370 1285 2450 planum
1308 2370 1507 2434 inclinatum
1530 2368 1577 2432 oel

397 2478 655 2561 perpendicnlum
679 2479 745 2551 ΑΒ,
768 2484 801 2542 el
825 2483 899 2558 post
921 2495 1037 2542 nasum
1064 2495 1121 2559 per
1137 2479 1191 2543 AB
1208 2481 1366 2560 sequatur
1388 2482 1508 2542 motus-
1521 2496 1576 2541 ne-

404 2588 524 2652 locitate
547 2588 706 2668 aequisita
728 2596 796 2667 post
820 2588 927 2667 ipsam·
945 2605 1075 2658 casnm,
1105 2605 1186 2669 qnae
1208 2594 1354 2651 seruatur
1376 2585 1576 2667 aequabilis,

403 2710 460 2773 per
481 2692 751 2766 horizontem,·in
774 2709 841 2771 qua
864 2698 1018 2757 sumatur
1039 2693 1209 2776 quodlibet
1234 2695 1378 2776 spatium
1403 2694 1468 2759 ab.
1495 2694 1577 2759 Dico

404 2806 533 2881 tempus
566 2818 666 2890 ansus
690 2819 747 2881 per
770 2803 825 2865 ΑΒ
849 2801 890 2865 ab
914 2809 1044 2884 tempus
1068 2811 1176 2869 motus
1202 2822 1259 2885 per
1282 2805 1338 2871 Bi)
1359 2819 1431 2869 esse
1454 2810 1493 2868 ut
1515 2805 1577 2869 ‹iu-

405 2910 458 2991 ple
480 2911 536 2976 ΛΒ
559 2910 600 2973 ad
625 2911 689 2974 BD.
715 2911 853 2993 Sumpta
876 2913 964 2977 enim
989 2913 1040 2980 BC
1060 2914 1163 2994 ipsius
1180 2916 1236 2980 ΑΒ
1256 2916 1367 2997 duple,
1385 2918 1518 2979 constat
1535 2929 1577 2981 ex

404 3018 729 3099 praedemonstratis,
754 3026 885 3103 tempus
909 3039 1007 3086 casus
1031 3040 1089 3104 per
1111 3026 1166 3088 ΑΒ
1189 3026 1324 3106 aequari
1349 3025 1488 3108 tempori
1508 3043 1579 3090 mo·

404 3134 459 3192 tus
482 3144 539 3208 per
562 3128 637 3196 BC:
659 3128 717 3193 sed
742 3134 871 3212 tempas
895 3137 1005 3195 matus
1028 3149 1085 3214 per
1109 3133 1159 3200 BC
1184 3134 1227 3198 ad
1246 3140 1377 3217 tempus
1394 3140 1507 3200 motus
1519 3143 1579 3217 per

403 3234 466 3299 DB·
480 3239 530 3299 est
551 3240 588 3298 ul
612 3236 697 3299 linea
721 3236 775 3304 CB
802 3239 844 3302 ad
869 3238 992 3304 lineam
1016 3239 1093 3311 BD,
1118 3236 1262 3305 beloeitas
1286 3244 1369 3306 enim
1388 3260 1447 3324 per
1465 3252 1580 3308 atrae·

405 3346 467 3427 que
500 3351 545 3407 est
578 3344 707 3417 eadem·
729 3364 808 3429 ergo
831 3352 960 3429 tempus
984 3354 1093 3414 motus
1117 3368 1175 3431 per
1198 3353 1255 3416 ΑΒ
1290 3352 1331 3418 ad
1368 3357 1502 3435 tempus
1526 3371 1582 3434 per

406 3451 464 3515 BD
494 3456 544 3516 est
577 3458 615 3515 ut
648 3453 748 3534 duplo
771 3456 825 3520 ΑΒ
849 3457 889 3519 od
913 3457 990 3530 BD,
1013 3458 1063 3521 ool
1082 3470 1118 3523 nt
1142 3460 1202 3524 AB
1232 3461 1273 3525 orl
1298 3461 1477 3526 dimidiam·
1497 3461 1580 3525 ab:

405 3559 586 3640 quoderat
610 3560 825 3640 probandum,
1092 3595 1096 3602 ·

699 3727 870 3791 Puauuunn
895 3730 939 3805 X,
964 3733 1149 3797 Pnoeosuro
1174 3735 1290 3800 XXVI.

497 3883 582 3956 Dato
597 3886 816 3967 perpendicula
835 3891 919 3953 inter
938 3890 1037 3956 lineas
1052 3893 1221 3975 parallelas
1246 3894 1463 3967 horizontales,
1489 3895 1581 3960 dato·

408 4013 467 4076 qne
488 3996 591 4075 spatia
613 3997 728 4078 majori
750 3997 854 4061 earlom
872 4001 1116 4081 perpendiculo,
1143 4004 1196 4067 sed
1224 4005 1342 4068 minari
1366 4023 1464 4087 qnam
1490 4004 1585 4089 inple

408 4101 567 4181 ejusdem,
600 4122 640 4168 ea
673 4106 735 4169 ima
769 4107 903 4171 termino
932 4110 1145 4189 perpendiculi
1178 4112 1307 4192 punam
1330 4113 1473 4176 attollere
1497 4114 1580 4176 inter

407 4211 528 4275 easdem
549 4210 738 4294 parallelas,
774 4232 869 4297 snper
902 4234 965 4298 qao
999 4227 1087 4282 matu
1110 4220 1226 4301 rolleno
1245 4228 1318 4300 past
1342 4219 1530 4285 deseensnm
1552 4222 1590 4283 in

406 4320 625 4399 perpendiculo
647 4324 791 4406 eonfiaiat
814 4325 922 4389 mobile
946 4329 1083 4408 spatium
1097 4329 1169 4392 dato
1185 4329 1325 4411 aequale,
1344 4336 1373 4392 et
1391 4329 1584 4412 intempore

407 4429 531 4507 aeanali
554 4433 681 4512 tempori
705 4432 871 4497 lescensns
897 4436 932 4497 in
953 4437 1184 4517 perpendicula.

499 4538 586 4601 luter
610 4540 787 4621 parallelas
810 4543 1032 4609 horizontales
1056 4543 1124 4620 ΑΟ,
1154 4546 1205 4613 BC
1231 4542 1315 4630 (Fla.
1341 4544 1396 4632 86)
1426 4548 1471 4611 sit
1508 4566 1590 4629 per·

481 4703 515 4763 (1)
531 4701 554 4771 ll
571 4703 670 4754 viriani
687 4707 765 4770 taglie
781 4710 826 4772 qni
844 4710 867 4759 lo
886 4708 976 4772 parole
994 4712 1149 4761 inclinatum
1166 4725 1213 4776 per
1230 4712 1342 4763 rendere
1363 4711 1386 4763 la
1406 4716 1595 4778 propositione

407 4786 450 4847 piu
466 4787 598 4849 generale,
617 4802 692 4839 aomo
710 4804 834 4854 appresso
856 4793 971 4843 bichiaro
991 4808 1040 4843 ran
1063 4794 1249 4859 l’eggiuogare
1267 4796 1306 4845 nel
1319 4799 1552 4859 perpendicnlum.
