3925 5784
680 698 854 746 rerumne
878 700 959 747 inin
983 687 1292 759 oronnnrnsoonurr.
1511 690 1577 755 275

399 817 587 880 necessario
611 818 720 882 minus
743 818 806 882 erit
829 818 918 884 dicto
940 838 1089 885 excessu.
1111 824 1159 909 ,nt
1186 825 1387 890 inscribatur
1406 827 1472 909 etin
1493 828 1579 909 dgn-

400 942 447 1000 ra,
471 943 558 1006 quae
582 945 601 991 a
624 929 763 992 concide
786 935 961 1009 superatur
985 930 1104 995 minori
1130 934 1316 1013 quantitate
1337 952 1437 1015 quarn
1464 936 1516 999 sit,
1531 937 1575 1008 Η,

397 1036 491 1119 cujus
528 1038 704 1119 grauitatis
737 1044 890 1103 centrum
925 1040 1023 1104 cadet
1058 1042 1145 1104 intra
1181 1041 1248 1107 OC.
1278 1040 1326 1105 Sit
1355 1045 1391 1109 V.
1421 1043 1473 1106 Et
1497 1044 1576 1124 qnia

397 1148 505 1227 prima
533 1148 642 1231 ligura
664 1149 706 1212 ad
732 1151 761 1215 H
783 1156 834 1213 est
857 1156 892 1213 ut
916 1151 969 1216 BR
995 1151 1038 1215 ad
1061 1150 1139 1225 n0;
1164 1153 1307 1217 secunda
1344 1158 1454 1216 autern
1485 1153 1572 1235 tigu-

396 1275 454 1331 ra,
478 1257 575 1340 cuius
598 1265 752 1323 centrum
778 1261 816 1332 V,
842 1260 950 1342 major
972 1266 1022 1323 est
1046 1261 1175 1341 prima,
1205 1267 1238 1323 et
1269 1261 1450 1325 aconoide
1475 1279 1574 1325 exce-

396 1370 488 1432 ditur
525 1368 648 1432 minori.
680 1370 866 1450 quantitate
894 1370 1061 1452 quamsit
1086 1370 1136 1442 Η;
1162 1387 1264 1451 qnam
1288 1371 1451 1434 rationem
1475 1371 1574 1436 babet

394 1476 543 1543 secunda
567 1477 674 1560 figura
698 1478 740 1541 ad
763 1496 948 1553 excessum,
970 1497 1036 1560 quo
1060 1497 1080 1542 a
1103 1481 1242 1544 conoide
1266 1486 1462 1563 superatur,
1485 1482 1571 1546 bane'

395 1589 536 1654 babebit
556 1590 598 1652 ad
621 1590 681 1654 RU
705 1582 794 1653 iine'a
812 1590 925 1671 major
948 1589 1021 1670 ipsa
1045 1589 1194 1672 Brenn
1230 1596 1341 1654 autern
1367 1592 1395 1654 R
1419 1572 1570 1654 centrum

395 1697 574 1780 gravitatis
607 1698 779 1763 concidis:
815 1699 995 1779 inscriptae
1019 1706 1131 1762 autem
1155 1699 1321 1763 secundae
1345 1703 1395 1766 V:
1419 1705 1571 1766 centrum

394 1824 472 1889 ergo
495 1807 700 1887 reliquorum
725 1808 911 1888 portionum
935 1811 1000 1871 erit
1022 1813 1119 1870 extre
1142 1807 1298 1871 conoides
1321 1809 1408 1874 inira
1432 1811 1468 1882 B.
1484 1811 1570 1891 quod

395 1920 443 1979 est
465 1915 682 1996 impossibiie.
706 1916 749 1980 Et
764 1916 879 1979 eodem
898 1920 995 1996 pacto
1011 1914 1304 1987 demonstrabitur,
1322 1922 1474 1979 centrum
1489 1921 1570 1997 'gra-

396 2023 511 2088 vitatis
533 2022 679 2105 ejusdem
701 2024 854 2089 concidis
889 2042 954 2088 non
978 2042 1049 2089 esse
1073 2026 1107 2087 in
1134 2024 1220 2088 iinra
1245 2026 1311 2090 CA.
1335 2026 1433 2103 Quod
1457 2033 1571 2092 autem

395 2149 459 2216 non
484 2132 531 2197 sit
552 2132 701 2198 aiterum
720 2138 917 2215 punctorum
942 2136 991 2209 C,
1021 2133 1073 2204 0.
1098 2135 1310 2198 maniiestum
1338 2140 1399 2199 cst.
1422 2136 1456 2200 Si
1480 2137 1568 2199 enim

395 2240 487 2304 dicas
511 2257 593 2309 esse,
618 2240 793 2323 descriptis
815 2241 890 2304 otiis
912 2241 1036 2324 figuris,
1057 2243 1217 2323 inscripta
1240 2242 1373 2321 cuidem
1391 2242 1509 2323 majori
1528 2244 1569 2306 n-

397 2354 437 2428 ia,
459 2352 558 2434 cujus
579 2356 734 2437 centrum
757 2351 812 2425 Ο,
834 2352 1087 2433 circumscripta
1124 2369 1201 2414 vero
1236 2351 1343 2414 minor
1377 2366 1439 2422 ea,
1472 2351 1568 2431 cujus

395 2466 547 2525 centrum
582 2460 631 2533 C,
668 2467 821 2526 centrum
845 2462 997 2536 concidis
1019 2467 1115 2525 extra
1138 2462 1258 2524 barum
1284 2461 1465 2543 figurarum
1489 2478 1569 2523 cen·

397 2575 489 2637 trum.
519 2569 676 2661 caderet,
710 2571 797 2651 quod
833 2588 936 2652 nuper
964 2570 1169 2652 impossibiie
1195 2588 1266 2634 esse
1289 2570 1484 2635 conclusum
1505 2576 1567 2636 cst.

397 2680 511 2742 Restat
544 2681 646 2761 ergo,
672 2683 708 2742 ut
731 2679 817 2742 inter
840 2686 990 2743 centrum
1015 2679 1287 2760 circumscriptae
1321 2685 1353 2741 et
1389 2679 1567 2759 inscriptae

397 2789 522 2871 figurae
546 2788 599 2851 sit.
622 2788 763 2867 Quodsi
787 2789 834 2851 ita
857 2794 919 2864 est,
943 2789 1129 2853 necessario
1152 2789 1216 2852 erit
1232 2789 1264 2851 in
1283 2790 1378 2871 signo
1395 2790 1463 2866 itin,
1480 2790 1568 2870 quod
1595 2864 1598 2868 ,

396 2914 493 2961 axem
518 2896 639 2962 dividit
663 2902 699 2960 ut
723 2914 799 2977 pars
823 2898 866 2961 ad
889 2897 1049 2978 verticem
1075 2898 1220 2978 retiquae
1254 2899 1297 2960 sit
1331 2897 1455 2979 dupla,
1487 2915 1564 2963 cum

396 3008 483 3071 euim
496 3005 739 3074 ¹circumscribi
762 3011 796 3069 et
818 3005 954 3071 inscribi
972 3006 1096 3089 possint
1121 3006 1268 3087 figurae,
1291 3008 1338 3068 ita
1356 3015 1390 3070 ut
1410 3024 1493 3088 quae
1512 3009 1566 3072 iu-

398 3122 444 3179 ter
481 3116 630 3196 ipsarum
653 3119 805 3179 centrum
828 3120 863 3178 et
881 3114 1006 3178 dictum
1029 3115 1162 3195 signum
1185 3114 1308 3176 cadunt
1328 3113 1457 3190 lineae,
1480 3130 1580 3199 qua-·

396 3241 529 3306 cunque,
547 3224 635 3289 tinea
658 3225 724 3294 sint
747 3226 901 3299 minores,
923 3225 1021 3289 atiter
1046 3223 1208 3286 dicentem
1226 3224 1268 3287 ad
1284 3224 1487 3305 impossibiie
1505 3226 1563 3289 dc·

396 3335 603 3408 duceremus,
621 3334 710 3415 quod
728 3334 854 3398 scilicet
869 3339 1019 3398 centrum
1034 3334 1182 3399 concidis
1203 3351 1268 3399 non
1284 3334 1369 3398 intra
1384 3336 1562 3424 inscriptae

396 3452 424 3510 ct
446 3445 723 3526 circumscriptae
744 3451 857 3510 centra
877 3447 1020 3510 caderet.

886 3618 1004 3682 Lunna
1028 3618 1065 3682 11.

482 3775 521 3841 Si
541 3775 663 3859 [norint
687 3779 869 3843 tres-tincae
889 3781 1160 3861 proportionetur
1195 3792 1223 3845 et
1258 3800 1355 3863 qnam
1379 3784 1557 3863 proportio-

394 3887 577 3952 ucmbcbct
592 3889 732 3952 minimo
753 3889 796 3953 nd
817 3906 993 3965 excessum,
1015 3909 1079 3972 quo
1100 3892 1246 3955 montino
1267 3892 1434 3954 minimum
1461 3895 1558 3972 snpe-

392 4006 462 4074 rct‚
497 3997 629 4063 cundem
662 3999 773 4061 hubent
807 3998 890 4062 tinea
924 3999 1079 4080 quaedum
1112 4008 1239 4080 sumpto
1272 3999 1314 4063 od
1347 3997 1426 4063 dccc
1450 4002 1568 4080 teritur,

396 4125 562 4183 scurrus,
585 4126 648 4191 poc
669 4109 813 4173 monimo
835 4109 967 4173 medum
990 4119 1135 4191 superat·
1157 4118 1186 4173 et
1208 4110 1283 4173 item
1305 4127 1402 4192 quum
1422 4111 1556 4191 propor-

393 4238 461 4282 nem
489 4218 582 4283 babet
603 4218 773 4298 conposito
795 4235 836 4281 eu
858 4218 1003 4282 munima
1025 4226 1054 4282 ct
1083 4217 1178 4300 dupio
1200 4216 1317 4282 medice
1339 4218 1382 4282 ud
1403 4220 1557 4299 composi-

392 4338 456 4391 tnm
478 4345 520 4392 ec
543 4326 637 4409 triplo
657 4328 818 4390 mcuimne
838 4335 867 4389 ct
890 4326 1028 4400 medice,
1052 4326 1181 4389 condem
1204 4326 1351 4390 babuerit
1384 4325 1449 4390 otto
1475 4326 1558 4391 buin

391 4447 517 4522 sumptu
537 4437 582 4503 nd
602 4439 764 4503 excerceret
788 4455 851 4520 quc
873 4438 1017 4502 monimo
1039 4436 1170 4499 medinm
1185 4436 1321 4507 nocedim
1336 4443 1431 4499 crunt
1446 4436 1557 4500 cmbce

393 4548 490 4613 tincnc
512 4557 655 4630 comptae
676 4546 779 4620 simoi,
804 4548 897 4610 tertio
918 4564 993 4627 porc
1016 4547 1172 4610 munimur
1193 4546 1488 4626 proportionalium.

474 4656 548 4730 Sint
570 4662 636 4721 tres
659 4658 766 4720 tineae
791 4657 1048 4739 proportionales
1064 4658 1129 4733 ΑΒ,
1144 4658 1207 4729 BC,
1230 4656 1282 4718 'BF
1308 4651 1350 4738 (F
1352 4655 1393 4734 ip.
1419 4652 1508 4739 132),
1522 4660 1553 4715 et

394 4784 488 4847 qnam
514 4766 757 4849 proportionem
773 4768 871 4831 habet
891 4768 942 4832 BF
958 4768 1000 4831 ad
1016 4767 1081 4843 ΡΑ,
1099 4768 1183 4830 banc
1200 4764 1321 4834 babeat
1340 4764 1398 4829 MS
1415 4763 1553 4828 adduas
