3925 5784
402 744 466 809 ‘tit
711 757 856 804 oracocrn
880 758 982 805 uncus
1008 757 1110 806 nuova
1136 755 1263 807 scinozn

401 888 469 945 tate
490 881 690 954 excedatur,
714 898 813 960 quam
837 881 880 944 sit
904 879 1046 944 soiidum
1071 883 1122 956 Y,
1145 888 1177 945 et
1201 882 1287 945 tinea
1310 881 1396 946 inter
1413 888 1565 947 centrum

400 992 574 1071 gravitatis
596 991 867 1070 circumscriptae
901 997 934 1052 et
965 992 1099 1074 'signum
1125 993 1154 1058 N
1177 993 1220 1056 sit
1245 991 1351 1058 minor
1374 1009 1476 1074 quam
1500 993 1566 1059 SO:

399 1102 461 1163 erit
483 1101 615 1164 residua
640 1100 697 1165 VH
723 1100 828 1182 maj0r
850 1116 951 1179 quam
977 1100 1038 1171 [ὃς
1062 1106 1094 1163 et
1110 1102 1188 1181 quia
1204 1105 1264 1174 est,
1281 1107 1317 1165 ut
1336 1107 1480 1185 utraque
1497 1102 1562 1172 BN.

398 1208 450 1275 OS
474 1210 516 1274 ad
539 1211 598 1285 SL,
622 1211 668 1274 ita
689 1210 862 1274 concidale
885 1211 926 1272 ad
950 1210 979 1273 Y
1004 1207 1076 1294 (est
1091 1216 1203 1274 autem
1222 1211 1251 1275 Y
1269 1212 1377 1293 majus
1407 1227 1562 1283 excessu,

397 1336 465 1400 quo
486 1318 659 1382 conoidaio
674 1336 694 1381 a
712 1318 963 1397 circumscripta
980 1314 1189 1403 superatur);
1213 1334 1293 1399 ergo
1305 1305 1441 1390 BN,SO
1459 1317 1502 1381 ad
1517 1316 1562 1381 SL

399 1428 559 1490 minorem
579 1426 742 1489 rationem
757 1426 856 1490 nabet
871 1441 972 1504 quam
987 1425 1159 1488 concidaie
1178 1424 1219 1488 ad
1236 1426 1362 1489 dictum
1379 1441 1564 1489 excessum.

396 1532 456 1596 Est
479 1538 591 1595 autem
607 1528 664 1595 BN
681 1532 787 1595 minor
802 1547 902 1611 quam
924 1538 1065 1611 utraque
1080 1531 1148 1605 BN,
1164 1530 1230 1597 SO:
1248 1534 1307 1598 VH
1327 1539 1440 1597 autem
1462 1534 1566 1616 major

396 1657 496 1721 quam
520 1640 583 1705 SL:
607 1640 712 1703 mutto
735 1639 838 1721 igitur
856 1641 1017 1722 majorem
1033 1637 1197 1705 rationem
1214 1643 1312 1706 trahet
1328 1643 1503 1706 concidaie
1521 1643 1566 1706 ad

396 1746 503 1811 dictas
519 1747 684 1828 portiones
699 1764 800 1827 qnam
818 1747 875 1812 BV
891 1750 932 1811 ad
950 1749 1021 1813 VH.
1036 1748 1146 1827 Quam
1165 1750 1270 1832 igitur
1285 1752 1448 1815 rationem
1466 1751 1563 1815 habet

395 1856 567 1924 conoidale
589 1856 630 1920 ad
651 1855 784 1919 easdem
819 1860 1006 1950 portiones,
1037 1857 1123 1922 hanc
1158 1859 1291 1924 habebit
1318 1859 1360 1923 ad
1378 1859 1452 1924 'vii
1477 1860 1561 1924 tinea

395 1965 502 2046 major
524 1965 594 2045 ipsa
617 1965 682 2030 BV.
707 1966 857 2037 Habeat;
879 1966 988 2046 sitque
1010 1982 1049 2029 ea
1069 1967 1146 2041 MV,
1168 1973 1201 2030 et
1219 1967 1299 2048 quia
1317 1961 1470 2031 centrum
1489 1985 1565 2050 gra·

357 2057 360 2063 ’
396 2074 509 2137 vitatis
530 2074 803 2156 circumscriptae
834 2074 961 2157 figurae
984 2081 1033 2138 est
1058 2077 1107 2151 V,
1130 2081 1283 2140 centrum
1311 2091 1392 2141 rero
1414 2077 1563 2144 concidis

394 2189 445 2262 est
469 2183 508 2257 H,
530 2190 630 2264 atque
652 2190 713 2259 est,
736 2191 772 2247 nt
795 2185 969 2249 conoidaie
993 2186 1035 2249 ad
1055 2185 1204 2249 residuas
1229 2180 1406 2267 portiones,
1429 2187 1477 2250 ita
1502 2179 1564 2251 MV

394 2294 436 2356 ad
459 2293 544 2369 VH,
563 2295 627 2358 erit
649 2296 685 2360 M
708 2300 859 2360 centrum
895 2296 1071 2379 gravitatis
1105 2296 1315 2361 residuarum
1351 2297 1562 2378 portionum:

394 2401 482 2483 duod
505 2403 658 2467 similiter
678 2410 728 2467 est
750 2405 960 2486 impossibiie.
984 2404 1058 2470 Non
1080 2411 1130 2468 est
1152 2422 1231 2488 crgo
1258 2411 1411 2474 centrum
1428 2467 1431 2471 .
1448 2407 1563 2489 gravi·

394 2514 473 2575 tatis
491 2513 643 2578 concidis
662 2532 761 2594 supra
787 2520 945 2596 punctum
970 2515 1009 2580 N.
1033 2514 1096 2580 Sed
1119 2514 1382 2580 demonstratum
1405 2515 1562 2597 estquod

395 2640 501 2703 nequo
523 2622 631 2696 infra:
655 2625 757 2689 restat
780 2642 869 2707 ergo,
895 2632 930 2688 ut
953 2626 987 2688 in
1011 2626 1083 2706 ipso
1105 2622 1134 2689 N
1157 2625 1200 2688 sit
1223 2626 1421 2688 necessario.
1445 2623 1489 2687 Et
1509 2642 1564 2687 ea·

393 2730 469 2794 dem
483 2714 619 2801 ratione
642 2732 921 2796 demonstrabitur
939 2733 979 2795 de
1002 2732 1141 2796 conoide
1166 2723 1474 2812 ptanosuper'axc'
1497 2748 1562 2794 non

394 2846 505 2903 erecto
527 2846 628 2905 secto.
648 2842 753 2904 Aiiter
769 2840 868 2915 idem,
885 2847 921 2905 ut
939 2849 1070 2905 constat
1091 2843 1123 2905 in
1140 2841 1300 2922 sequenti,
1315 2844 1470 2904 centrum
1488 2858 1563 2922 gra-

396 2952 510 3015 vitatis
532 2952 682 3015 concidis
701 2951 881 3031 parabolici
906 2952 992 3015 inter
1015 2957 1167 3014 centrum
1189 2948 1463 3030 circumscriptae
1480 2947 1565 3031 iign-

394 3076 451 3122 rae
473 3066 505 3122 ct
517 3065 680 3137 ,centrum
698 3060 996 3141 inscriptaecadit.
1206 3051 1209 3057 ’
1370 3146 1372 3150 v

462 3167 510 3232 Sit
528 3168 700 3242 concidaie
714 3165 798 3252 (Fip.
821 3165 896 3253 131)
910 3167 1007 3248 cuius
1023 3167 1095 3231 axis
1114 3169 1181 3241 AB,
1196 3173 1228 3230 et
1244 3172 1397 3230 centrum
1412 3167 1561 3230 circum·

394 3278 536 3357 scriptae
548 3278 591 3340 sit
605 3276 642 3351 C,
660 3277 838 3358 inscriptae
861 3294 941 3341 vero
957 3276 1000 3339 sit
1017 3275 1055 3341 Ο.
1076 3275 1166 3347 Dico,
1180 3280 1332 3338 centrum
1345 3272 1499 3338 concidis
1514 3275 1564 3337 in-

398 3391 446 3446 ter
466 3384 502 3453 C,
515 3384 544 3447 0
557 3389 679 3463 puncta
694 3402 781 3457 esse3
795 3402 874 3447 nam
892 3385 918 3448 si
931 3401 1015 3460 non,
1028 3382 1186 3448 infra-rei
1205 3399 1315 3464 supra,
1332 3382 1386 3448 vel
1403 3383 1438 3445 in
1459 3384 1562 3446 altero

394 3512 510 3557 eorum
532 3496 605 3557 erit.
629 3494 678 3558 Sit
700 3496 798 3569 inira,
822 3502 857 3559 ut
881 3498 914 3559 in
938 3497 988 3566 Rz
1004 3500 1038 3559 et
1060 3496 1138 3576 quia
1162 3496 1189 3559 R
1209 3498 1259 3558 est
1274 3499 1428 3558 centrum
1448 3494 1563 3576 gravi·

394 3605 473 3666 tatis
494 3604 596 3665 totius
617 3602 792 3677 concidis,
818 3604 1000 3684 inscriptae
1023 3608 1135 3665 autem
1159 3600 1287 3684 figurae
1310 3606 1363 3664 cst
1383 3601 1561 3683 gravitatis

394 3719 546 3774 centrum
581 3708 631 3774 0:
667 3710 885 3791 reliquarum.
906 3729 986 3792 ergo
1020 3710 1233 3791 portionum,
1255 3710 1376 3791 quibus
1403 3709 1563 3789 inscripta

394 3821 503 3903 tigura
526 3840 546 3883 a
569 3822 708 3885 conoide
731 3828 918 3902 superatur,
942 3826 1095 3883 centrum
1121 3821 1297 3901 gravitatis
1324 3820 1386 3881 crit
1411 3819 1446 3881 in
1474 3818 1562 3881 tinea

394 3931 453 3994 ΟΒ
476 3932 519 3993 ad
543 3936 650 4011 partes
666 3930 693 3991 R
710 3936 858 4003 extensa,
873 3936 972 4009 atque
997 3931 1030 3992 in
1053 3947 1094 3993 ec
1119 3934 1253 4009 puncto,
1276 3928 1311 3991 iu
1334 3944 1401 4008 quc
1424 3927 1475 3991 sic
1499 3934 1565 3990 ter·

396 4042 553 4114 minatur,
576 4044 729 4118 utquam
747 4038 908 4100 rationem
927 4038 1049 4099 habent
1065 4036 1174 4100 dictae
1194 4035 1358 4116 portiones
1382 4033 1426 4096 ad
1443 4033 1563 4097 iuscri-

395 4154 497 4228 ptam,
519 4146 658 4211 eandem
682 4147 801 4211 habeat
819 4145 877 4211 ΟΒ
897 4146 938 4208 ad
957 4126 1193 4209 lineamintcr
1206 4146 1235 4208 ii
1248 4150 1280 4207 ct
1296 4141 1458 4224 punctum
1478 4143 1559 4207 iilud

394 4256 578 4322 cadentem.
593 4255 642 4320 Sit
658 4255 740 4339 haec
757 4257 843 4318 ratio
858 4256 926 4324 iila,
943 4270 1043 4333 quam
1062 4251 1233 4330 trabetOli
1249 4254 1292 4315 ad
1311 4253 1382 4315 ΒΧ.
1403 4250 1474 4315 Aut
1486 4251 1561 4332 igi·

395 4372 450 4428 tur
468 4365 496 4428 Χ
515 4362 611 4426 cadet
628 4370 724 4428 extra
746 4362 930 4437 conoidcm,
954 4368 1013 4424 aut
1032 4363 1131 4437 intra,
1146 4368 1203 4424 ant
1220 4363 1254 4424 in
1275 4362 1337 4443 ipsi
1354 4363 1443 4436 basi:
1456 4362 1490 4426 Si
1511 4360 1562 4424 vei

394 4483 501 4548 extra,
524 4475 576 4538 vei
600 4476 633 4537 io
658 4474 728 4537 basi
753 4472 873 4544 cadat,
893 4471 965 4553 jain
990 4471 1202 4534 manifestum
1218 4475 1268 4532 est
1284 4469 1481 4533 absurdum.
1499 4468 1563 4535 Ca·

393 4589 451 4652 dat
473 4588 571 4661 intra,
589 4594 621 4651 et
637 4589 715 4668 quia
737 4587 794 4650 xit
814 4588 856 4649 ad
880 4583 938 4649 ΒΟ
953 4591 1003 4647 est
1022 4591 1059 4647 ut
1081 4584 1246 4665 inscripta¹
1260 4583 1367 4665 figura
1384 4582 1427 4645 ad
1445 4599 1561 4645 exces-

394 4711 480 4768 sum,
499 4711 601 4776 quoa
618 4692 757 4756 conoide
772 4700 958 4775 superatur,
975 4691 1138 4755 rationem
1154 4691 1258 4766 iliam,¹
1276 4706 1377 4772 quam
1392 4689 1493 4753 nabet
1512 4690 1564 4753 uit

393 4806 439 4869 ad
459 4802 531 4879 ΒΟ,
554 4803 693 4866 eandem
719 4804 837 4881 habeat
860 4802 1018 4882 inscripta
1044 4800 1150 4880 figura
1170 4799 1211 4862 ad
1235 4798 1379 4862 solidum
1403 4797 1464 4873 il,
1480 4798 1562 4879 qnod
