3925 5784
402 709 466 774 282
559 760 561 762 .
707 724 853 771 ursanum
879 725 980 771 unnim
1005 725 1106 771 nuova
1130 724 1257 772 suranus

400 871 475 934 pars
497 857 614 933 quarta
642 851 745 933 posita
769 859 828 915 est.
852 852 965 933 ltaque
990 858 1149 934 punctum
1168 855 1194 917 V
1216 852 1330 919 vertici
1356 852 1571 934 propinquius

399 969 445 1025 est
471 979 571 1041 quam
597 965 755 1040 punctum
781 957 812 1024 S.
837 957 931 1036 Quod
955 960 1193 1024 ostendendum
1218 965 1303 1023 erat.
1339 984 1343 988 ·

836 1131 1021 1193 Pnonosnro
1046 1131 1128 1196 thl.

489 1284 575 1349 Ceno
596 1285 669 1351 dcto
688 1296 788 1368 potest
809 1291 913 1371 tipuru
936 1289 1170 1361 circumscribi,
1196 1298 1225 1353 ct
1248 1289 1347 1355 ultera
1368 1289 1501 1354 inscribi
1532 1309 1574 1353 ec

396 1394 544 1476 cylindris
565 1396 727 1477 ccuunlcm
749 1396 949 1461 altitudinem
969 1400 1163 1472 labentibus,
1187 1402 1233 1465 itn
1255 1410 1292 1464 ut
1308 1401 1402 1477 ttmc,
1418 1417 1499 1483 quur
1515 1404 1570 1464 in-

396 1515 443 1569 ter
464 1517 609 1571 centrum
631 1510 798 1586 prauitatis
821 1509 1085 1590 circumscriptae,
1110 1520 1139 1573 et
1162 1519 1306 1575 centrum
1325 1511 1492 1591 prauitatis
1518 1511 1571 1572 in-

394 1616 526 1697 scriptae
547 1617 759 1697 intercipitur,
782 1618 887 1681 minor
909 1618 949 1680 sit
972 1635 1171 1700 quacumque
1192 1620 1274 1682 tinen
1297 1620 1469 1700 proposito.
1521 1639 1524 1644 ·

443 1753 445 1758 ·
467 1722 535 1787 -Sit
556 1723 654 1788 datus
677 1742 781 1788 conns
807 1722 901 1810 (Fip.
924 1723 1028 1810 137),
1050 1727 1150 1808 onius
1173 1727 1245 1791 axis
1264 1726 1331 1800 An,
1354 1726 1432 1789 data
1457 1728 1572 1790 antem

397 1799 487 1894 recti
509 1832 552 1895 'sit
574 1834 615 1897 K.
638 1833 745 1907 Dico;
768 1840 955 1915 exponatur
976 1834 1148 1916 cylindrus
1172 1835 1197 1898 L
1221 1835 1370 1915 aequalis
1393 1837 1439 1911 ei,
1454 1835 1519 1917 =qni
1537 1836 1592 1899 in·

395 1959 479 2006 cono
495 1942 715 2016 inscribitur,
738 1943 950 2007 altitudinem
988 1944 1113 2008 babens
1137 1945 1316 2008 dimidium
1340 1945 1414 2008 axis
1437 1944 1506 2016 AB,
1538 1950 1571 2007 et

396 2051 451 2114 ΑΒ
474 2051 644 2116 dividatur
667 2053 700 2116 in
724 2053 760 2123 d,
786 2055 834 2117 ita
858 2060 896 2117 nt
921 2053 975 2119 AC
1001 2054 1106 2136 ipsius
1128 2053 1184 2121 cn
1204 2055 1304 2136 tripla
1326 2055 1388 2129 sit,
1410 2059 1444 2117 et
1465 2071 1570 2135 qnam

396 2162 555 2224 rationem
586 2162 684 2226 habet
709 2162 762 2228 AC
788 2161 830 2225 ad
853 2163 895 2234 K,
920 2164 1004 2225 hanc
1028 2162 1149 2227 trabem
1167 2162 1348 2244 cylindrus
1371 2163 1396 2227 L
1420 2161 1464 2226 ad
1488 2162 1571 2226 sott-

394 2270 473 2334 dnm
490 2270 529 2334 X.
543 2270 634 2336 Cono
649 2281 766 2335 autem
778 2272 1076 2336 circumscribatur
1088 2270 1196 2353 ligura
1209 2290 1251 2335 ex
1266 2271 1428 2353 cylindris
1443 2287 1571 2351 aequa·

395 2379 459 2442 tem
482 2379 691 2444 altitudinem
715 2379 924 2451 habentibus,
947 2385 979 2442 et
1003 2378 1108 2443 altera
1131 2380 1345 2454 inscribatur,
1366 2381 1414 2444 ita
1439 2385 1476 2444 ut
1500 2379 1571 2443 cir·

395 2491 598 2569 cumscripta
613 2488 754 2552 excedat
771 2489 963 2569 inscriptam
984 2490 1102 2552 minori
1119 2491 1316 2569 quantitate,
1329 2506 1431 2570 qnam
1453 2488 1498 2553 sit
1516 2505 1572 2552 so-

394 2599 500 2663 lidum
513 2599 554 2672 Χ;
567 2600 674 2679 sitque
686 2598 959 2679 circumscriptae
971 2600 1145 2679 gravitatis
1156 2604 1308 2662 centrum
1319 2598 1359 2671 E,
1368 2598 1457 2679 qnod
1469 2598 1570 2662 cadet

373 2743 376 2750 .
394 2725 494 2789 snpra
510 2708 549 2782 C3
566 2709 743 2790 inscriptae
759 2725 839 2774 vero
855 2712 1007 2772 centrum
1024 2708 1072 2771 sit.
1084 2707 1116 2784 S,
1133 2708 1253 2772 cadens
1265 2708 1328 2772 snb
1343 2705 1572 2788 cellicolam,

395 2817 446 2883 ES
466 2819 588 2882 lineam
612 2819 683 2899 ipsa
700 2819 730 2882 tt
748 2819 909 2882 minorem
925 2835 1006 2881 esse.
1024 2816 1110 2883 Nam
1126 2819 1154 2881 si
1172 2836 1251 2892 non;
1277 2823 1419 2899 ponatur
1429 2816 1494 2898 ipsi
1514 2815 1571 2881 dn

394 2927 542 3007 aequalis
565 2926 646 2993 EO:
668 2928 746 3008 qnia
768 2924 873 3008 'igitur
895 2925 951 2991 ΟΕ
976 2926 1017 2988 ad
1043 2925 1072 2989 K
1096 2925 1235 2989 candem
1270 2924 1369 2988 babet
1405 2923 1571 2988 rationem

394 3055 494 3118 qnam
518 3038 543 3102 L
568 3036 610 3101 ad
638 3037 682 3111 X,
705 3039 864 3118 inscripta
888 3055 967 3101 vero
991 3035 1098 3119 figura
1123 3039 1231 3101 minor
1254 3053 1319 3100 non
1341 3040 1392 3100 est
1411 3033 1571 3117 ‘cylindro

393 3147 435 3221 [ς
452 3165 608 3212 excessus
625 3151 751 3220 antem,
773 3163 839 3228 quo
863 3148 951 3211 dicta
977 3146 1128 3229 figurae
1152 3146 1405 3225 circumscripta
1428 3159 1570 3224 snpera-

395 3264 470 3332 tur,
499 3260 608 3322 minor
635 3264 684 3322 est
708 3257 813 3322 solido
837 3258 881 3330 X;
906 3257 1064 3337 inscripta
1100 3256 1204 3337 igitur
1239 3254 1347 3335 figura
1369 3233 1413 3316 ad
1440 3251 1571 3316 dictum

394 3383 568 3429 excessum
603 3366 762 3447 majorem
797 3366 959 3429 rationem
982 3364 1117 3428 habebit
1139 3380 1240 3444 quam
1263 3360 1319 3426 OE
1343 3360 1387 3425 ad
1410 3361 1459 3434 Kc
1480 3359 1572 3423 ¹ratio'

394 3483 505 3540 autern
535 3474 592 3540 OE
617 3476 657 3536 ad
681 3476 712 3537 Κ
743 3491 806 3537 non
830 3479 880 3538 est
904 3474 1084 3548 minoren,
1108 3490 1209 3554 quam
1231 3472 1331 3534 habet
1353 3467 1409 3534 OE
1440 3467 1484 3532 ad
1509 3467 1569 3540 ES,

394 3602 471 3647 oum
496 3582 546 3647 ES
579 3600 644 3646 non
670 3589 810 3663 ponatur
845 3583 952 3644 minor
975 3581 1017 3645 K.
1044 3580 1149 3662 igitur
1184 3579 1344 3658 inscripta
1381 3576 1492 3658 figura
1528 3574 1570 3637 ad

394 3709 578 3766 excessum,
600 3710 666 3773 qun
689 3710 709 3755 a
731 3692 984 3772 circumscripta
1003 3694 1190 3770 superatur,
1213 3688 1371 3770 maiorem
1390 3684 1492 3750 babet
1515 3701 1568 3748 ra·

394 3807 517 3870 tionem
534 3821 633 3885 qnam
650 3803 706 3869 OE
726 3801 768 3866 ad
785 3802 845 3866 ES.
862 3802 970 3878 Quam
986 3800 1091 3882 igitur
1107 3799 1271 3862 rationem
1289 3797 1388 3860 habet
1409 3793 1571 3874 inscripta

394 3915 435 3978 ad
459 3914 584 3977 dietum
609 3929 793 3981 excessum,
818 3912 903 3974 bane
927 3910 1060 3974 babebit
1082 3907 1125 3971 ad
1149 3908 1273 3972 lineam
1289 3905 1341 3971 ES
1358 3904 1445 3970 linea
1464 3920 1569 3985 qnae-

393 4025 469 4087 dam
493 4022 601 4104 major
623 4024 694 4103 ipsa
717 4022 792 4094 EO;
816 4022 859 4084 sit
874 4020 931 4083 illa
952 4020 1025 4093 ER3
1044 4023 1093 4082 est
1110 4024 1222 4081 antem
1238 4016 1417 4096 inscriptae
1439 4014 1568 4097 figurae

393 4135 544 4193 centrum
562 4130 738 4210 gravitatis
758 4129 793 4203 S;
813 4129 1086 4207 circumscriptae
1106 4143 1186 4189 vero
1203 4130 1354 4188 centrum
1366 4128 1417 4187 est
1434 4122 1476 4187 E:
1488 4138 1570 4185 con·

394 4245 460 4303 stat
481 4257 561 4321 ergo
585 4240 788 4321 reliquarum
812 4238 1147 4322 portionum„quibus
1163 4237 1419 4318 circumscripta
1435 4236 1569 4308 excedit

394 4347 598 4429 inscriptam,
620 4354 772 4411 centrum
798 4347 972 4428 gravitatis
995 4363 1067 4410 esse
1088 4348 1122 4409 in
1146 4346 1232 4409 line'a
1254 4345 1325 4420 RE,
1344 4351 1444 4426 atque
1470 4346 1506 4409 in
1529 4362 1568 4406 eo

395 4461 528 4537 puncto,
551 4475 571 4521 a
594 4474 660 4539 qno
682 4456 731 4519 sic
755 4458 973 4527 terminatur,
999 4461 1159 4536 utquam
1195 4458 1357 4519 rationem
1393 4454 1495 4518 habet
1519 4456 1570 4517 in-

395 4566 516 4646 scripta
540 4568 582 4629 ad
604 4564 709 4628 dictas
745 4568 931 4647 portiones,
955 4564 1093 4629 eandem
1117 4565 1239 4628 habeat
1262 4565 1349 4628 linea
1371 4565 1458 4628 inter
1483 4563 1510 4628 E
1535 4569 1567 4624 et

396 4677 553 4753 punctum
578 4672 659 4735 illud
683 4674 863 4755 intercepta
886 4673 929 4736 ad
953 4674 1074 4737 lineam
1098 4673 1166 4745 ES;
1191 4673 1376 4737 nanc-vero
1398 4672 1564 4735 rationem

394 4785 490 4849 habet
518 4788 573 4850 RE
598 4787 638 4849 ad
664 4787 730 4858 ES;
749 4806 828 4868 ergo
848 4789 1049 4868 reliquarum
1068 4790 1266 4869 portionum,
1284 4787 1402 4869 quibus
1420 4787 1566 4849 circum·
