3925 5784
461 698 525 764 23l
767 711 914 760 ιιιιιοιιιι
938 710 1041 758 ριιιιιι
1065 709 1168 758 nuova
1192 709 1317 757 sernum

785 894 961 956 Taauuaua
988 891 1029 963 ll.
1052 891 1236 955 Pnueosrmo
1258 891 1297 955 ll.

542 1048 589 1120 ‚Si
611 1050 739 1133 aliquod
760 1050 869 1114 mobile
892 1049 1007 1131 duplici
1029 1058 1118 1114 motu
1138 1050 1292 1133 aequabili
1315 1057 1493 1123 moueatur,
1518 1065 1629 1128 ueutpe

461 1159 625 1224 orimumli
645 1169 674 1222 ct
696 1159 959 1241 perpendiculari,
977 1160 1119 1240 impetus,
1142 1176 1200 1222 ceu
1223 1167 1414 1223 momentum
1437 1156 1562 1222 lutura
1585 1173 1629 1219 ec

460 1277 592 1350 utruque
613 1277 700 1334 motu
716 1269 912 1351 compositae,
929 1272 988 1333 erit
1003 1271 1142 1350 potentia
1159 1269 1299 1353 aequalis
1313 1268 1463 1334 ambobus
1481 1284 1626 1331 macucu-

461 1377 498 1440 tis
521 1378 664 1458 priorum
686 1386 839 1443 motuum.

461 1553 463 1560 ,
549 1486 724 1551 Moventur
745 1487 832 1550 enim
854 1485 987 1566 aliquod
1006 1485 1127 1550 mobile
1145 1486 1363 1568 aequabiliter
1381 1484 1505 1567 duplici
1525 1483 1628 1547 latio-

460 1609 516 1668 ue:
528 1601 559 1657 et
571 1593 709 1658 molioni
726 1592 987 1675 perpendiculari
1000 1592 1195 1674 respoudeat
1206 1594 1351 1676 spatium
1364 1594 1420 1658 ΑΒ
1433 1588 1517 1677 (Fip.
1533 1588 1628 1677 109);

460 1700 575 1764 lationi
601 1718 679 1765 veru
701 1700 897 1767 horizontali
924 1702 1039 1765 eudem
1066 1706 1213 1782 tempore
1235 1701 1406 1766 coniectae
1428 1699 1627 1782 respondeat

461 1809 522 1892 ΒΕ.
548 1810 629 1877 Cum
645 1810 748 1893 igitur
764 1828 821 1892 per
835 1814 944 1875 mulus
958 1810 1149 1892 aequabiles
1167 1809 1391 1876 conficiantur
1402 1809 1520 1875 codem
1539 1813 1629 1873 lem·

460 1937 538 2000 pore
559 1920 667 2001 spatia
690 1921 755 1994 ΑΒ,
778 1920 843 1994 BC,
864 1926 962 1985 eruat
983 1918 1101 1982 harum
1127 1918 1288 1983 lationem
1302 1923 1470 1983 momenta
1489 1917 1577 1981 inter
1593 1933 1629 1980 se
1665 1983 1673 1990 ,

461 2033 496 2116 ut
518 2031 608 2112 ipsae
632 2031 708 2104 ΑΒ,
734 2029 794 2096 BC.
832 2029 953 2094 Mobile
978 2046 1078 2100 vero,
1104 2030 1190 2109 quod
1214 2029 1396 2093 meandum
1419 2028 1520 2092 hasce
1543 2027 1629 2092 duas

460 2138 619 2202 motiones
655 2144 827 2212 movetur,
861 2138 1027 2204 describit.
1053 2137 1264 2219 diagonalem
1288 2137 1364 2203 AC:
1387 2139 1450 2201 erit
1473 2149 1627 2202 ιιιοιιιοιι-

460 2254 529 2314 lum
564 2263 642 2311 sune
675 2245 863 2310 velocitatis
899 2251 935 2309 ut
970 2245 1036 2312 AC.
1060 2247 1183 2310 Verum
1212 2245 1265 2310 ΑΒ
1297 2244 1443 2326 patentia
1465 2249 1629 2326 aequatur

458 2355 538 2438 ipsis
561 2356 628 2429 ΑΒ,
650 2355 719 2428 ΒΟ,
740 2372 820 2437 ergo
844 2362 1046 2418 momentum
1068 2355 1292 2435 compositum
1313 2371 1357 2418 ax
1379 2353 1529 2435 utrisque
1551 2370 1625 2417 mo-

459 2466 578 2531 mentis
602 2466 668 2539 ΑΒ,
679 2466 734 2538 BC
759 2470 808 2530 est
831 2466 977 2546 putentia
997 2469 1125 2528 tantum
1144 2463 1221 2528 illis
1229 2464 1328 2528 simul
1348 2462 1487 2545 sumplis
1502 2479 1626 2543 nequa-

336 2609 338 2612 ·
460 2577 511 2652 le;
534 2575 623 2657 quod
645 2581 717 2640 aral
739 2574 988 2639 ostendendum

546 2794 634 2860 Siue.
659 2778 686 2858 Ε
711 2792 896 2857 necessario
919 2751 1059 2858 levarmi
1084 2810 1127 2858 un
1153 2809 1236 2874 poco
1259 2792 1291 2856 di
1316 2792 1469 2875 scrupulo
1491 2792 1555 2857 ebe
1574 2795 1628 2873 qui

458 2904 504 2968 mi
525 2919 636 2979 nasce,
652 2901 842 2984 parendomi
866 2901 928 2965 ebe
950 2908 1078 2982 questo,
1091 2902 1154 2966 ohe
1177 2919 1236 2966 ura
1253 2903 1280 2966 si
1297 2902 1470 2978 conclude,
1488 2904 1629 2986 repagni

457 3015 499 3078 ad
517 3012 659 3078 un’nllra
675 3011 902 3093 proposizioue
916 3010 968 3074 del
986 3014 1123 3075 trallalo
1143 3015 1295 3092 passal03
1318 3012 1406 3075 uella
1419 3012 1517 3093 quale
1533 3012 1562 3075 si
1579 3012 1629 3076 ai-

460 3120 619 3198 iermava,
635 3121 784 3201 l'impeto
799 3119 851 3183 del
865 3119 986 3184 mobile
1005 3119 1158 3196 ueniente
1172 3118 1281 3183 dall’A
1293 3120 1327 3183 iu
1345 3120 1370 3183 Β
1385 3135 1494 3183 essere
1508 3120 1628 3202 eguale

315 3269 322 3298 t
458 3233 489 3295 al
513 3234 664 3297 veniente
687 3230 793 3295 dall’A
817 3231 851 3294 ia
873 3229 910 3302 C,
928 3228 969 3293 ed
984 3245 1043 3294 ora
1065 3229 1092 3293 si
1116 3228 1276 3294 conclude
1298 3229 1319 3291 l’
1334 3229 1457 3310 impeto
1481 3229 1516 3293 iu
1532 3228 1560 3295 (l
1575 3246 1627 3293 es·

459 3357 529 3404 sere
554 3340 724 3421 maggiore
745 3339 808 3403 ebe
831 3340 865 3403 ia
889 3340 924 3403 Β.

548 3447 642 3513 Sunv.
666 3449 711 3512 Le
726 3449 954 3529 propositioni,
973 3449 1040 3531 Sig.
1057 3447 1238 3528 Simplicio,
1257 3466 1338 3514 sono
1355 3449 1519 3513 emendae
1537 3465 1627 3524 vere,

459 3573 513 3620 ma
537 3556 637 3620 mollo
660 3557 789 3620 diverse
813 3562 863 3620 tra
887 3556 920 3619 di
944 3556 1024 3620 loro.
1047 3557 1112 3634 Qui
1135 3556 1164 3620 si
1188 3557 1281 3637 paria
1303 3558 1335 3622 di
1360 3574 1407 3620 uu
1429 3556 1477 3621 sol
1499 3556 1624 3622 mobile

460 3649 569 3730 musso
590 3665 622 3728 di
647 3681 690 3727 uu
714 3663 760 3728 sol
787 3671 886 3739 motu,
910 3681 964 3728 ma
987 3669 1157 3745 cumposlo
1179 3665 1213 3728 di
1237 3666 1313 3738 due,
1327 3663 1500 3729 ¹amandae
1518 3680 1624 3745 equa·

460 3775 533 3849 bili;
555 3792 574 3838 e
598 3770 629 3837 la
652 3774 679 3837 si
706 3773 797 3854 paula
820 3775 852 3838 di
877 3774 942 3837 due
965 3774 1079 3838 mobili
1096 3775 1203 3840 mussi
1228 3774 1261 3838 di
1282 3775 1363 3839 moti
1379 3773 1627 3838 naturatmeute

459 3884 649 3956 accelerati,
674 3901 742 3948 unu
766 3900 822 3964 per
843 3884 874 3947 ln
900 3883 1166 3964 perpendieolnre
1189 3884 1255 3955 ΑΒ,
1278 3901 1297 3946 e
1319 3883 1441 3948 l’nltro
1464 3900 1523 3964 per
1539 3882 1561 3945 l’
1575 3883 1627 3946 in-

459 3993 583 4058 clinata
607 3992 671 4075 AC„
696 3992 730 4056 ln
750 3992 873 4067 ultrei
895 3992 995 4071 tempi
1018 3991 1112 4072 quivi
1135 4009 1200 4056 noa
1224 3994 1252 4056 si
1271 4008 1488 4074 suppouguuo
1504 3991 1629 4074 agnuli,

459 4118 514 4166 ma
537 4102 561 4165 il
586 4108 695 4183 tempo
718 4119 775 4183 per
799 4102 990 4165 l'inelinata
1015 4101 1068 4168 AC
1092 4097 1111 4164 e
1134 4100 1371 4184 maggiora-del
1392 4106 1504 4184 tempu
1522 4118 1582 4183 per
1598 4100 1628 4163 ln

461 4209 823 4292 perpendiculares&
850 4210 978 4274 manel
1003 4218 1102 4286 moto,
1126 4210 1177 4275 del
1199 4210 1297 4291 quale
1320 4212 1348 4274 ui
1372 4211 1466 4293 paria
1479 4211 1521 4274 al
1547 4227 1624 4292 pre·

462 4324 562 4394 sente,
586 4320 700 4384 imoti
725 4338 782 4401 pec
806 4321 836 4382 le
858 4321 925 4393 ΑΒ,
949 4320 1014 4393 BC,
1036 4320 1090 4386 Ac
1119 4319 1337 4386 sintendoao
1347 4320 1535 4470 equabilie
1555 4320 1626 4383 initi

464 4425 536 4492 nell'
551 4427 666 4492 istesso
691 4434 809 4511 tempo.

552 4534 638 4600 Siue.
658 4537 704 4601 Mi
722 4540 865 4614 seusina,
880 4556 1059 4621 eseguano
1079 4541 1204 4616 avanti,
1219 4541 1282 4604 ebe
1300 4547 1387 4605 resto
1403 4540 1606 4620 aequietnto.
1678 4547 1692 4568 ¹

552 4642 646 4708 Satv.
660 4645 793 4727 segulla
817 4647 965 4711 ΙΑιιῑοιι
990 4664 1046 4729 per
1070 4648 1321 4712 ineammiuaroi
1346 4649 1536 4712 ainteuder
1552 4647 1629 4729 quel

462 4755 523 4817 elne
558 4754 717 4835 aeeaggia
741 4755 871 4819 intorno
894 4755 1084 4837 all’impelu
1108 4757 1140 4819 di
1166 4775 1209 4820 un
1235 4757 1358 4821 mobile
1381 4773 1492 4822 masso
1517 4756 1630 4837 pardi
