3925 5784
403 705 469 771 208
709 721 855 768 nrauoour
881 722 985 769 nurus
1008 722 1112 769 nuovu
1136 722 1262 769 satanas

494 843 541 909 stt
577 842 844 925 perpendiculum
870 843 925 906 BD
949 840 1045 927 (Fiq.
1068 841 1134 929 90)
1159 860 1201 906 ex
1226 847 1346 924 puncto
1370 844 1396 907 Ε
1417 843 1577 905 horizon·

403 953 479 1019 talis
504 952 608 1016 lineae
632 951 687 1017 ΑΟ
710 950 922 1024 descendens,
945 950 978 1014 in
1004 968 1069 1031 qua
1092 953 1134 1016 sit
1156 951 1323 1032 quodlibet
1355 953 1516 1031 punctum
1540 948 1576 1021 Ο,

402 1067 435 1126 et
452 1062 486 1125 in
505 1060 737 1142 perpendiculo
755 1065 896 1141 ponatur
912 1059 1074 1124 distantia
1086 1061 1139 1125 ΒΕ
1155 1061 1302 1141 aequalis
1317 1060 1496 1125 distantiae
1513 1059 1576 1131 ΕΟ,

402 1179 435 1237 et
458 1172 599 1235 ducatur
622 1169 685 1235 ΟΕ.
710 1168 815 1240 Dico,
839 1167 1012 1249 planorum
1036 1171 1186 1234 omnium
1209 1187 1252 1233 ex
1277 1175 1398 1251 puncto
1420 1169 1445 1236 Ο
1470 1186 1575 1250 usque

400 1281 445 1346 ad
465 1278 738 1363 perpendiculum·
759 1277 993 1343 inclinatorum
1018 1279 1071 1345 ΟΕ
1088 1297 1159 1343 esse
1182 1279 1274 1354 illud,
1289 1297 1468 1361 superque
1489 1284 1574 1342 tem·

381 1405 482 1471 pore
507 1388 656 1452 omnium
680 1386 878 1451 brevissimo
902 1386 939 1450 lit
961 1388 1138 1454 descensus
1163 1406 1264 1471 usque
1288 1390 1331 1454 ad
1354 1390 1575 1472 perpendicu-

401 1499 481 1563 lum.
504 1495 707 1561 lnolinentur
730 1497 817 1582 enim
836 1512 942 1576 supra
965 1503 997 1559 et
1019 1497 1106 1561 infra
1131 1497 1226 1579 plana
1245 1498 1306 1570 CF,
1326 1498 1390 1569 ΟΟ,
1416 1505 1449 1562 et
1473 1495 1576 1562 duca'-

401 1612 456 1672 tur
474 1607 518 1671 lll
542 1606 704 1670 circulum
728 1603 973 1668 semidiametro
1003 1604 1279 1685 BC=descriptnm
1304 1613 1442 1689 tangens
1466 1608 1502 1670 in
1527 1605 1576 1681 Ο,

401 1733 486 1798 quae
508 1715 571 1779 erit
593 1712 829 1796 perpendiculo
860 1714 1108 1794 aequidistans,
1131 1719 1163 1775 et
1187 1713 1249 1803 ipsi
1273 1713 1325 1779 CF
1349 1714 1578 1794 parallelasit

402 1827 483 1900 ΕΚ,
507 1823 671 1904 usquead
694 1827 884 1903 tangentem
909 1826 1098 1903 protracta,
1122 1839 1237 1886 secans
1271 1822 1574 1886 circumferentiam

401 1933 517 2001 circuli
541 1934 574 1996 in
598 1932 639 2005 L;
662 1935 792 1996 constat
817 1938 945 2014 tempus
968 1951 1064 1998 casus
1089 1950 1145 2015 per
1169 1934 1222 1998 LE
1246 1951 1318 1999 esse
1335 1936 1473 2015 aequale
1490 1942 1575 2000 temss

402 2044 474 2126 pori
496 2058 593 2106 casus
617 2057 674 2121 per
693 2040 758 2114 ΟΕ,
782 2040 839 2107 sed
864 2047 992 2122 tempus
1016 2058 1074 2123 per
1097 2040 1155 2108 ΚΕ
1180 2048 1230 2106 est
1252 2043 1387 2126 longius
1401 2062 1503 2124 quarn
1521 2062 1576 2126 per

400 2154 468 2226 ΟΕ;
492 2169 571 2233 ergo
594 2154 722 2230 tempus
746 2166 802 2229 per
825 2149 884 2213 llll
908 2149 1039 2232 longius
1062 2156 1111 2214 est
1135 2168 1234 2231 quam
1252 2168 1308 2231 per
1327 2150 1397 2224 ΟΕ;
1415 2150 1474 2214 sed
1490 2157 1575 2216 tem·

399 2275 460 2345 pus
483 2277 541 2342 per
564 2259 622 2322 ΚΕ
648 2263 808 2338 aequatur
834 2260 972 2340 tempori
997 2271 1053 2340 per
1075 2258 1139 2333 CF,
1163 2277 1237 2323 eum
1263 2260 1329 2323 sint
1352 2261 1517 2341 aequales,
1541 2269 1572 2325 et

399 2370 579 2439 secundum
603 2367 741 2431 eandem
765 2366 1014 2431 inclinationem
1040 2368 1172 2431 ductae:
1196 2367 1349 2432 similiter
1372 2386 1448 2433 cum
1474 2368 1531 2436 ΟΟ
1545 2378 1574 2433 et

400 2483 443 2548 ΙΕ
476 2482 542 2546 siut
571 2478 735 2559 aequales,
758 2482 792 2539 et
810 2476 909 2557 juxta
933 2478 1071 2541 eandem
1095 2476 1344 2541 inclinationem
1368 2478 1573 2550 inclinatae,

402 2597 553 2673 tempora
586 2587 749 2651 lationum
775 2603 831 2667 per
854 2586 943 2668 ipsas
965 2590 1061 2650 erunt
1083 2585 1254 2666 aequalia:
1278 2585 1336 2649 sed
1360 2588 1492 2668 tempus
1517 2604 1570 2669 per

401 2699 459 2764 ΚΕ
482 2696 668 2762 breviorem
691 2695 762 2775 ipsa
781 2693 823 2758 ΙΕ
847 2699 897 2757 est
920 2695 1054 2759 brevius
1071 2699 1217 2776 tempore
1234 2712 1291 2777 per
1308 2694 1369 2768 IE:
1385 2712 1466 2779 ergo
1486 2701 1569 2761 tem·

264 2781 272 2796 ⁵
400 2827 461 2892 pus
481 2824 610 2891 quoque
633 2819 691 2887 per
713 2804 766 2893 ΟΕ
787 2800 897 2887 (quod
916 2810 1077 2884 aequatur
1093 2804 1230 2885 tempori
1253 2819 1308 2884 per
1325 2804 1381 2869 ΗΕ
1394 2802 1417 2891 ),
1434 2807 1568 2879 brevius

399 2921 462 2984 erit
485 2924 632 2998 tempore
656 2934 711 2998 per
734 2914 787 2979 lli.
809 2915 901 2977 Patet
924 2932 1003 2996 ergo
1026 2915 1241 2996 propositum.

666 3087 843 3186 Tauonnua
868 3088 1153 3159 xx,Po0r0s1no
1184 3088 1300 3151 lllllll.

488 3256 526 3321 Si
549 3259 632 3322 linea
653 3265 738 3322 recto
761 3275 855 3339 snper
873 3256 1095 3320 berizoctolem
1113 3256 1212 3337 fuerit
1228 3267 1388 3339 utcunque
1403 3257 1582 3327 inclinato.

324 3358 326 3364 ’
398 3367 530 3448 planum
552 3386 571 3429 o
594 3367 667 3431 doto
686 3375 805 3449 puncto
819 3366 854 3429 in
874 3366 1062 3430 berizontoli
1081 3384 1180 3448 usque
1195 3368 1237 3430 od
1252 3367 1441 3431 inclinatam
1456 3376 1576 3431 exten-

397 3493 479 3550 sum,
502 3476 536 3537 in
559 3489 622 3556 quo
640 3476 801 3539 descensus
824 3479 857 3558 fit
883 3486 1015 3557 tempore
1040 3477 1182 3540 omnium
1206 3478 1401 3553 brevissimo,
1425 3486 1472 3541 eat
1500 3474 1599 3540 illuc!

392 3582 481 3666 'quod
504 3583 651 3664 bifariam
674 3584 783 3647 dividit
805 3583 959 3664 capulum
982 3594 1166 3647 contentum
1189 3584 1351 3649 adactos
1366 3584 1603 3666 perpendicn-

398 3692 517 3755 lorilms
540 3710 560 3755 o
583 3690 656 3755 doto
679 3699 795 3771 puncto
818 3692 965 3766 extensis,
991 3692 1117 3755 noaud
1137 3692 1508 3767 percunctarenturque
1528 3692 1593 3755 ol-

399 3812 465 3866 tero
488 3801 530 3866 nd
547 3802 741 3865 inclinatam.
1549 3878 1552 3883 ,

486 3912 535 3977 Sit
558 3912 612 3978 CD
637 3907 731 3995 (th.
755 3909 820 3995 dl)
846 3913 932 3975 linea
953 3930 1053 3993 snpra
1070 3912 1309 3978 horizontalem
1327 3914 1382 3978 ΑΒ
1404 3904 1587 3994 utcunque

395 4020 578 4094 inclinata,
604 4021 744 4102 datoque
769 4021 801 4083 in
827 4021 1020 4085 horizontali
1045 4040 1239 4104 quocunque
1267 4028 1389 4103 puncto
1414 4026 1466 4092 A.
1493 4023 1584 4086 edn⁶

395 4131 515 4191 cantur
536 4145 578 4190 ex
601 4145 639 4191 eo
664 4128 717 4193 ΑΟ
744 4128 1022 4209 perpendicularis
1045 4130 1086 4194 ad
1110 4131 1176 4197 AB.
1202 4131 1258 4194 ΑΕ
1285 4148 1363 4194 vero
1394 4131 1573 4212 perpendi-

396 4232 518 4296 cularis
542 4233 585 4296 ad
609 4233 683 4306 ΟΙ),
708 4239 741 4297 et
763 4235 921 4316 angulum
945 4236 1029 4301 ΟΑΕ
1053 4236 1208 4302 bilariam
1236 4238 1364 4302 dividat
1388 4238 1446 4303 ΕΑ
1470 4239 1569 4303 linea.

394 4337 490 4414 Dico,
513 4342 687 4422 planorum
710 4344 859 4407 omnium
878 4364 920 4407 ex
943 4346 1143 4425 quibuslibet
1167 4348 1297 4429 punctis
1321 4347 1429 4413 lineae
1453 4349 1512 4415 ΟΙ)
1530 4347 1565 4411 ad

396 4456 552 4530 punctum
563 4454 592 4515 A
602 4453 837 4518 inclinatorum
850 4462 1022 4519 extensum
1039 4473 1094 4536 per
1108 4456 1162 4520 ΕΑ
1174 4474 1245 4521 esse
1257 4456 1352 4532 illud,
1364 4459 1398 4521 in
1410 4476 1478 4539 quo
1490 4464 1565 4521 tenr-

395 4574 474 4638 pore
496 4559 645 4622 omniunt
669 4562 866 4626 brevissimo
889 4562 947 4626 liat
971 4562 1157 4629 descensus.
1181 4565 1328 4629 Ducatur
1352 4564 1406 4631 ΕΟ
1430 4566 1495 4648 ipsi
1512 4565 1559 4629 nl

397 4666 565 4747 parabola,
589 4675 684 4732 erunt
709 4672 819 4752 anguli
834 4672 939 4749 ὈΕΑ,
964 4673 1045 4738 ΕΑΕ
1069 4676 1229 4739 coalterni
1256 4678 1426 4758 aequales:
1442 4684 1493 4742 est
1509 4696 1561 4742 an·

396 4782 462 4838 tem
487 4777 571 4840 ΕΑΕ
595 4778 656 4858 ipsi
681 4780 765 4845 FAG
788 4782 951 4860 aequalis:
976 4801 1056 4865 ergo
1080 4786 1236 4867 trianguli
1274 4787 1378 4850 latera
1393 4860 1396 4865 ,
1413 4788 1490 4860 ΕΟ,
1513 4787 1559 4853 Gt
