3925 5784
752 768 754 771 Α
835 710 989 757 nronnnrn
1013 713 1148 768 nunnus.
1512 702 1577 766 267

370 905 376 927 Ι
491 826 586 889 Sion.
604 822 685 891 Suri
706 830 788 893 bene
811 829 944 912 dunque
973 831 1036 895 ohe
1060 833 1094 896 in
1118 841 1234 915 questo
1258 840 1378 917 tempo,
1400 837 1463 900 che
1486 839 1510 901 s’
1524 840 1576 902 iu·

406 938 629 997 termemeno
651 935 662 998 i
689 938 789 1001 nostri
821 940 942 1020 passati
967 940 1007 1003 ed
1033 943 1041 1004 i
1067 942 1169 1006 futuri
1197 948 1389 1028 congressi,
1416 950 1451 1012 V.
1469 947 1501 1013 S.
1528 951 1573 1013 mi

403 1040 480 1104 insci
507 1042 594 1105 nolio
617 1044 706 1108 meni
731 1044 753 1107 il
779 1045 878 1122 libro,
901 1046 962 1110 ohe
986 1048 1020 1113 io
1042 1054 1094 1112 tra
1120 1055 1210 1114 teuto
1233 1049 1356 1115 andero
1385 1054 1575 1119 vedendoe

403 1149 586 1215 studiundo·
604 1152 634 1214 ie
658 1155 877 1235 proposizioui
901 1164 1234 1240 oousegucutcmcnto
1258 1140 1415 1226 soriitevi.

488 1259 586 1324 Serv.
610 1261 714 1326 Multo
744 1264 915 1328 volentieri
945 1269 1118 1349 eseguisoo
1142 1268 1173 1333 ia
1203 1275 1313 1334 vostra
1342 1272 1530 1349 domanda,
1556 1293 1574 1336 e

401 1385 492 1448 spero
516 1368 579 1433 ohe
603 1371 641 1435 V.
660 1370 691 1433 S.
710 1368 869 1451 prenderit
893 1379 990 1453 gusto
1013 1373 1046 1436 di
1073 1376 1130 1440 tali
1157 1378 1382 1458 propositioni.

846 1724 1117 1809 ΑΡΡΕΝΒΙΧ,

486 2064 531 2129 In
549 2084 613 2147 qua
628 2068 833 2130 continentur
857 2068 1059 2141 theoremata,
1084 2085 1252 2149 eorumque
1277 2067 1570 2146 demonstrationes,

398 2191 477 2255 quae
500 2176 542 2239 ab
564 2175 666 2240 eodem
691 2173 828 2240 Auctore
850 2175 933 2239 circa
956 2184 1100 2240 centrum
1124 2176 1288 2255 qrocitatis
1312 2175 1480 2241 solidorum
1499 2178 1571 2242 oiim

398 2285 577 2366 conscripta
600 2286 745 2366 [uerunt.

835 2448 1130 2517 POSTULATUM.

484 2606 632 2671 Petimus
655 2607 842 2687 aequalium
867 2606 1048 2687 ponderum
1071 2604 1225 2668 similiter
1252 2606 1283 2667 in
1307 2606 1447 2670 diversis
1473 2577 1570 2670 libris

398 2716 659 2798 dispositorum,
683 2716 711 2779 si
734 2714 854 2778 horum
877 2710 1009 2793 quidem
1033 2715 1291 2794 compositorum
1315 2718 1466 2778 centrum
1491 2732 1568 2796 gra-

400 2826 515 2890 vitatis
537 2824 657 2890 librum
682 2825 862 2891 secundum
885 2821 1031 2902 aliquem
1056 2822 1219 2886 rationem
1238 2822 1412 2895 diviserit,
1436 2828 1469 2885 et
1493 2823 1565 2886 iilo-

398 2948 469 2996 rum
493 2931 597 2996 etium
622 2929 798 3014 gravitatis
820 2933 971 2992 centrum
1000 2927 1118 3027 libram
1146 2926 1328 2991 secundnm
1350 2928 1489 2991 eandem
1513 2935 1578 2991 rn·'

398 3042 520 3108 tionem
544 3040 703 3107 dividere.

899 3203 1017 3268 Lusus
1040 3202 1064 3267 l.
1095 3296 1099 3304 Ι

488 3365 540 3432 sit
561 3366 648 3429 tinen
671 3366 728 3429 ΑΒ
751 3361 835 3448 (mn.
861 3360 935 3448 126)
960 3362 1116 3426 bifariam
1140 3363 1172 3426 in
1195 3364 1219 3429 G
1244 3369 1355 3440 secta,
1374 3364 1469 3445 cujus
1494 3382 1564 3427 me-

395 3475 500 3541 dietas
524 3473 580 3541 AG
603 3474 713 3541 divisa
735 3474 779 3539 sit
797 3474 832 3537 iu
855 3474 907 3548 E,
940 3472 989 3536 ita
1012 3477 1173 3553 utquam
1197 3474 1360 3538 rationem
1385 3475 1485 3539 habet
1507 3476 1561 3539 ΒΕ

395 3584 433 3648 nd
455 3583 528 3658 ΕΑ,
551 3583 637 3648 hanc
662 3583 781 3648 hubent
802 3582 859 3647 ΑΕ
883 3581 927 3646 nd
949 3579 1014 3649 EC.
1038 3581 1130 3659 Dico,
1149 3581 1203 3646 ΒΕ
1226 3583 1329 3665 ipsius
1352 3584 1410 3649 ΕΑ
1433 3584 1565 3666 duplam

396 3710 475 3759 esse.
500 3692 589 3771 Quin
610 3694 700 3757 enim
724 3696 760 3757 ut
782 3692 837 3757 ΒΕ
860 3692 902 3756 nd
926 3691 1001 3767 ΕΑ,
1023 3690 1070 3754 itn
1094 3690 1152 3754 EA
1175 3692 1217 3755 nd
1241 3691 1318 3768 EC,
1341 3692 1404 3755 erit
1426 3710 1563 3774 compo·

395 3802 503 3867 nendo
522 3805 557 3865 ot
580 3800 811 3882 permutando,
834 3806 870 3865 ut
891 3800 948 3863 BA
971 3800 1014 3863 nri
1037 3799 1103 3874 ΑΕ,
1125 3800 1172 3864 ita
1196 3800 1253 3864 ΑΕ
1278 3800 1319 3863 ad
1343 3799 1410 3874 1303
1428 3806 1477 3864 est
1498 3819 1562 3865 au·

395 3914 459 3975 tom
483 3915 523 3975 ut
545 3909 604 3973 ΑΕ
628 3908 670 3973 od
694 3908 761 3982 EG,
783 3925 901 3990 nempe
921 3914 958 3972 ut
974 3907 1087 3972 Bran
1104 3908 1170 3985 AG,
1185 3911 1232 3972 ita
1250 3909 1303 3973 ΒΕ
1318 3908 1562 3989 numquam

393 4018 444 4084 ΒΕ
467 4018 574 4100 ipsius
596 4017 655 4081 ΕΑ
678 4017 779 4099 dupla
801 4023 862 4080 est.

860 4184 1045 4253 Pnouosruo
1068 4186 1092 4253 Ι.

452 4389 456 4398 -
478 4342 540 4409 Hir
560 4344 670 4425 positis
692 4342 938 4421 demonstratur,
959 4345 987 4408 ri
1009 4344 1245 4425 maqnituaines
1268 4351 1469 4427 quotcunque
1492 4362 1558 4409 sese

393 4452 564 4536 aquator
584 4453 782 4529 accedentes,
803 4463 831 4519 et
854 4471 993 4535 quarum
1012 4472 1163 4520 accessus
1186 4472 1297 4520 earum
1320 4454 1469 4523 minimae
1492 4456 1557 4519 siut

393 4562 558 4643 aequales,
580 4562 627 4626 itu
646 4563 682 4625 in
702 4562 787 4627 libra
808 4561 1042 4643 disponantur.
1067 4573 1102 4628 ut
1125 4582 1166 4628 eo
1190 4563 1348 4628 distantiis
1371 4562 1555 4647 aequalibus

392 4671 556 4748 pendeant,
570 4679 715 4736 centrum
732 4671 899 4752 qrooitotis
913 4673 1055 4737 omnium
1071 4673 1181 4739 libram
1201 4672 1247 4737 it'a
1265 4673 1413 4747 dividere,
1431 4682 1466 4738 ut
1482 4691 1556 4755 pars

397 4794 496 4845 rerem
520 4779 654 4845 minores
678 4780 815 4861 reliquae
837 4781 879 4844 sit
901 4780 1005 4863 aonia.
