<?xml version="1.0" encoding="UTF-8"?>
<!DOCTYPE html PUBLIC "-//W3C//DTD XHTML 1.0 Transitional//EN"
    "http://www.w3.org/TR/xhtml1/DTD/xhtml1-transitional.dtd">
<html xmlns="http://www.w3.org/1999/xhtml" xml:lang="en" lang="en">
 <head>
  <title>
</title>
<meta http-equiv="Content-Type" content="text/html;charset=utf-8" />
  <meta name='ocr-system' content='tesseract 3.04.00' />
  <meta name='ocr-capabilities' content='ocr_page ocr_carea ocr_par ocr_line ocrx_word'/>
</head>
<body>
  <div class='ocr_page' id='page_1' title='image "./leoperedigalile03galigoog_0282.png"; bbox 0 0 3925 5784; ppageno 0'>
   <div class='ocr_carea' id='block_1_1' title="bbox 393 699 1247 765">
    <p class='ocr_par' dir='ltr' id='par_1_1' title="bbox 393 699 1247 765">
     <span class='ocr_line' id='line_1_1' title="bbox 393 699 1247 765; baseline -0.005 -1"><span class='ocrx_word' id='word_1_1' title='bbox 393 699 458 765; x_wconf 76' lang='lat'>252</span> <span class='ocrx_word' id='word_1_2' title='bbox 706 714 851 762; x_wconf 79' lang='lat' dir='ltr'>osannam</span> <span class='ocrx_word' id='word_1_3' title='bbox 877 714 977 759; x_wconf 83' lang='lat' dir='ltr'>annun</span> <span class='ocrx_word' id='word_1_4' title='bbox 997 713 1099 760; x_wconf 81' lang='lat' dir='ltr'>nuova</span> <span class='ocrx_word' id='word_1_5' title='bbox 1121 713 1247 760; x_wconf 80' lang='lat' dir='ltr'>seinana</span> 
     </span>
    </p>
   </div>
   <div class='ocr_carea' id='block_1_2' title="bbox 367 830 1569 3959">
    <p class='ocr_par' dir='ltr' id='par_1_2' title="bbox 367 830 1568 2652">
     <span class='ocr_line' id='line_1_2' title="bbox 395 830 1563 917; baseline -0.008 -17"><span class='ocrx_word' id='word_1_6' title='bbox 395 839 436 901; x_wconf 91' lang='lat' dir='ltr'>ad</span> <span class='ocrx_word' id='word_1_7' title='bbox 458 837 513 910; x_wconf 86' lang='grc' dir='ltr'>ΗΙ,</span> <span class='ocrx_word' id='word_1_8' title='bbox 537 838 582 899; x_wconf 88' lang='lat' dir='ltr'>ita</span> <span class='ocrx_word' id='word_1_9' title='bbox 605 836 663 900; x_wconf 88' lang='lat' dir='ltr'>fiat</span> <span class='ocrx_word' id='word_1_10' title='bbox 685 836 728 899; x_wconf 90' lang='lat' dir='ltr'>lll</span> <span class='ocrx_word' id='word_1_11' title='bbox 752 836 793 898; x_wconf 87' lang='lat' dir='ltr'>ad</span> <span class='ocrx_word' id='word_1_12' title='bbox 817 836 895 899; x_wconf 86' lang='lat' dir='ltr'>HL:</span> <span class='ocrx_word' id='word_1_13' title='bbox 919 836 981 900; x_wconf 88' lang='lat' dir='ltr'>erit</span> <span class='ocrx_word' id='word_1_14' title='bbox 1005 833 1192 917; x_wconf 81' lang='lat' dir='ltr'>triangulus</span> <span class='ocrx_word' id='word_1_15' title='bbox 1213 832 1285 897; x_wconf 77' lang='lat' dir='ltr'>llll</span> <span class='ocrx_word' id='word_1_16' title='bbox 1308 830 1426 895; x_wconf 88' lang='lat' dir='ltr'>similis</span> <span class='ocrx_word' id='word_1_17' title='bbox 1451 830 1563 893; x_wconf 87' lang='lat' dir='ltr'>trian-</span> 
     </span>
     <span class='ocr_line' id='line_1_3' title="bbox 396 937 1563 1029; baseline -0.01 -18"><span class='ocrx_word' id='word_1_18' title='bbox 396 948 474 1029; x_wconf 81' lang='lat' dir='ltr'>gulo</span> <span class='ocrx_word' id='word_1_19' title='bbox 495 945 591 1021; x_wconf 77' lang='lat' dir='ltr'>llll),</span> <span class='ocrx_word' id='word_1_20' title='bbox 613 946 668 1010; x_wconf 91' lang='lat' dir='ltr'>eui</span> <span class='ocrx_word' id='word_1_21' title='bbox 691 945 791 1008; x_wconf 90' lang='lat' dir='ltr'>etiam</span> <span class='ocrx_word' id='word_1_22' title='bbox 815 944 934 1008; x_wconf 90' lang='lat' dir='ltr'>similis</span> <span class='ocrx_word' id='word_1_23' title='bbox 955 949 1005 1009; x_wconf 87' lang='lat' dir='ltr'>est</span> <span class='ocrx_word' id='word_1_24' title='bbox 1029 944 1121 1010; x_wconf 88' lang='lat' dir='ltr'><strong>EGF.</strong></span> <span class='ocrx_word' id='word_1_25' title='bbox 1155 941 1306 1024; x_wconf 81' lang='lat' dir='ltr'>Cumque</span> <span class='ocrx_word' id='word_1_26' title='bbox 1327 941 1394 1015; x_wconf 89' lang='lat' dir='ltr'>Ill,</span> <span class='ocrx_word' id='word_1_27' title='bbox 1416 937 1470 1005; x_wconf 80' lang='lat' dir='ltr'>GF</span> <span class='ocrx_word' id='word_1_28' title='bbox 1494 938 1563 1001; x_wconf 90' lang='lat' dir='ltr'>sint</span> 
     </span>
     <span class='ocr_line' id='line_1_4' title="bbox 394 1050 1563 1140; baseline -0.004 -22"><span class='ocrx_word' id='word_1_29' title='bbox 394 1054 547 1137; x_wconf 80' lang='lat' dir='ltr'>aequales</span> <span class='ocrx_word' id='word_1_30' title='bbox 565 1052 731 1140; x_wconf 80' lang='lat' dir='ltr'>(dimidiae</span> <span class='ocrx_word' id='word_1_31' title='bbox 747 1072 863 1136; x_wconf 86' lang='lat' dir='ltr'>nempe</span> <span class='ocrx_word' id='word_1_32' title='bbox 878 1054 982 1135; x_wconf 86' lang='lat' dir='ltr'>ipsius</span> <span class='ocrx_word' id='word_1_33' title='bbox 998 1051 1075 1139; x_wconf 88' lang='lat' dir='ltr'>BC),</span> <span class='ocrx_word' id='word_1_34' title='bbox 1093 1055 1156 1118; x_wconf 86' lang='lat' dir='ltr'>erit</span> <span class='ocrx_word' id='word_1_35' title='bbox 1172 1052 1236 1126; x_wconf 80' lang='grc' dir='ltr'>ΒΕ,</span> <span class='ocrx_word' id='word_1_36' title='bbox 1251 1052 1335 1117; x_wconf 88' lang='lat' dir='ltr'>idest</span> <span class='ocrx_word' id='word_1_37' title='bbox 1352 1050 1416 1125; x_wconf 82' lang='lat' dir='ltr'>FC,</span> <span class='ocrx_word' id='word_1_38' title='bbox 1434 1065 1563 1132; x_wconf 88' lang='lat' dir='ltr'>aeque·</span> 
     </span>
     <span class='ocr_line' id='line_1_5' title="bbox 396 1155 1561 1244; baseline -0.008 -15"><span class='ocrx_word' id='word_1_39' title='bbox 396 1165 436 1229; x_wconf 85' lang='lat' dir='ltr'>lis</span> <span class='ocrx_word' id='word_1_40' title='bbox 460 1165 540 1229; x_wconf 73' lang='lat' dir='ltr'>HL:</span> <span class='ocrx_word' id='word_1_41' title='bbox 560 1170 593 1229; x_wconf 91' lang='lat' dir='ltr'>et</span> <span class='ocrx_word' id='word_1_42' title='bbox 616 1165 728 1229; x_wconf 86' lang='lat' dir='ltr'>addila</span> <span class='ocrx_word' id='word_1_43' title='bbox 750 1164 918 1228; x_wconf 84' lang='lat' dir='ltr'>communi</span> <span class='ocrx_word' id='word_1_44' title='bbox 944 1163 1011 1240; x_wconf 81' lang='lat' dir='ltr'>uu,</span> <span class='ocrx_word' id='word_1_45' title='bbox 1032 1164 1095 1227; x_wconf 89' lang='lat' dir='ltr'>erit</span> <span class='ocrx_word' id='word_1_46' title='bbox 1119 1163 1174 1235; x_wconf 73' lang='grc' dir='ltr'>ΕΗ</span> <span class='ocrx_word' id='word_1_47' title='bbox 1196 1162 1258 1244; x_wconf 91' lang='lat' dir='ltr'>ipsi</span> <span class='ocrx_word' id='word_1_48' title='bbox 1279 1162 1330 1226; x_wconf 88' lang='lat' dir='ltr'>FL</span> <span class='ocrx_word' id='word_1_49' title='bbox 1350 1158 1513 1243; x_wconf 88' lang='lat' dir='ltr'>aequalis.</span> <span class='ocrx_word' id='word_1_50' title='bbox 1527 1155 1561 1221; x_wconf 90' lang='lat' dir='ltr'>Si</span> 
     </span>
     <span class='ocr_line' id='line_1_6' title="bbox 395 1267 1567 1361; baseline -0.008 -24"><span class='ocrx_word' id='word_1_51' title='bbox 395 1274 506 1354; x_wconf 88' lang='lat' dir='ltr'>itaqua</span> <span class='ocrx_word' id='word_1_52' title='bbox 518 1271 744 1355; x_wconf 83' lang='lat' dir='ltr'>intelligamus</span> <span class='ocrx_word' id='word_1_53' title='bbox 759 1289 817 1352; x_wconf 86' lang='lat' dir='ltr'>per</span> <span class='ocrx_word' id='word_1_54' title='bbox 835 1270 865 1335; x_wconf 89' lang='grc' dir='ltr'><em>Η</em></span> <span class='ocrx_word' id='word_1_55' title='bbox 884 1276 915 1333; x_wconf 90' lang='lat' dir='ltr'>et</span> <span class='ocrx_word' id='word_1_56' title='bbox 931 1273 958 1335; x_wconf 95' lang='grc' dir='ltr'><em>Β</em></span> <span class='ocrx_word' id='word_1_57' title='bbox 974 1271 1249 1353; x_wconf 86' lang='lat' dir='ltr'>semiparabolam</span> <span class='ocrx_word' id='word_1_58' title='bbox 1267 1286 1338 1361; x_wconf 75' lang='lat' dir='ltr'>asse</span> <span class='ocrx_word' id='word_1_59' title='bbox 1354 1267 1567 1348; x_wconf 73' lang='lat' dir='ltr'>descriptam,</span> 
     </span>
     <span class='ocr_line' id='line_1_7' title="bbox 394 1371 1567 1464; baseline -0.008 -20"><span class='ocrx_word' id='word_1_60' title='bbox 394 1382 489 1464; x_wconf 86' lang='lat' dir='ltr'>eujus</span> <span class='ocrx_word' id='word_1_61' title='bbox 505 1378 646 1444; x_wconf 85' lang='lat' dir='ltr'>altitudo</span> <span class='ocrx_word' id='word_1_62' title='bbox 660 1380 722 1443; x_wconf 90' lang='lat' dir='ltr'>erit</span> <span class='ocrx_word' id='word_1_63' title='bbox 737 1379 805 1455; x_wconf 85' lang='lat' dir='ltr'>HC,</span> <span class='ocrx_word' id='word_1_64' title='bbox 823 1379 1010 1444; x_wconf 86' lang='lat' dir='ltr'>sublimitas</span> <span class='ocrx_word' id='word_1_65' title='bbox 1028 1396 1107 1445; x_wconf 82' lang='lat' dir='ltr'>vero</span> <span class='ocrx_word' id='word_1_66' title='bbox 1126 1379 1193 1454; x_wconf 84' lang='lat' dir='ltr'>HL,</span> <span class='ocrx_word' id='word_1_67' title='bbox 1210 1379 1274 1443; x_wconf 88' lang='lat' dir='ltr'>erit</span> <span class='ocrx_word' id='word_1_68' title='bbox 1292 1374 1477 1458; x_wconf 88' lang='lat' dir='ltr'>amplitudo</span> <span class='ocrx_word' id='word_1_69' title='bbox 1493 1371 1567 1455; x_wconf 73' lang='lat' dir='ltr'>eius</span> 
     </span>
     <span class='ocr_line' id='line_1_8' title="bbox 395 1482 1567 1572; baseline -0.009 -15"><span class='ocrx_word' id='word_1_70' title='bbox 395 1492 469 1565; x_wconf 87' lang='lat' dir='ltr'>CB;</span> <span class='ocrx_word' id='word_1_71' title='bbox 491 1507 576 1572; x_wconf 88' lang='lat' dir='ltr'>quae</span> <span class='ocrx_word' id='word_1_72' title='bbox 599 1488 700 1571; x_wconf 88' lang='lat' dir='ltr'>dupla</span> <span class='ocrx_word' id='word_1_73' title='bbox 723 1496 772 1553; x_wconf 86' lang='lat' dir='ltr'>ast</span> <span class='ocrx_word' id='word_1_74' title='bbox 795 1488 837 1551; x_wconf 90' lang='lat' dir='ltr'>ad</span> <span class='ocrx_word' id='word_1_75' title='bbox 861 1489 915 1560; x_wconf 88' lang='lat' dir='ltr'>Ill,</span> <span class='ocrx_word' id='word_1_76' title='bbox 940 1487 1049 1551; x_wconf 87' lang='lat' dir='ltr'>media</span> <span class='ocrx_word' id='word_1_77' title='bbox 1073 1487 1197 1552; x_wconf 85' lang='lat' dir='ltr'>scilieet</span> <span class='ocrx_word' id='word_1_78' title='bbox 1221 1487 1309 1550; x_wconf 89' lang='lat' dir='ltr'>inter</span> <span class='ocrx_word' id='word_1_79' title='bbox 1332 1485 1402 1556; x_wconf 87' lang='grc' dir='ltr'>ΒΗ.</span> <span class='ocrx_word' id='word_1_80' title='bbox 1419 1499 1478 1548; x_wconf 86' lang='lat' dir='ltr'>seu</span> <span class='ocrx_word' id='word_1_81' title='bbox 1498 1482 1567 1556; x_wconf 79' lang='lat' dir='ltr'>cti,</span> 
     </span>
     <span class='ocr_line' id='line_1_9' title="bbox 394 1590 1566 1679; baseline -0.011 -15"><span class='ocrx_word' id='word_1_82' title='bbox 394 1609 432 1664; x_wconf 90' lang='lat' dir='ltr'>et</span> <span class='ocrx_word' id='word_1_83' title='bbox 450 1599 528 1673; x_wconf 87' lang='lat' dir='ltr'>HL;</span> <span class='ocrx_word' id='word_1_84' title='bbox 552 1613 690 1678; x_wconf 88' lang='lat' dir='ltr'>eamque</span> <span class='ocrx_word' id='word_1_85' title='bbox 714 1601 826 1679; x_wconf 82' lang='lat' dir='ltr'>tanget</span> <span class='ocrx_word' id='word_1_86' title='bbox 850 1595 916 1670; x_wconf 83' lang='lat' dir='ltr'>uu,</span> <span class='ocrx_word' id='word_1_87' title='bbox 939 1594 1134 1676; x_wconf 86' lang='lat' dir='ltr'>aequalibus</span> <span class='ocrx_word' id='word_1_88' title='bbox 1155 1593 1372 1658; x_wconf 74' lang='lat' dir='ltr'>existentibus</span> <span class='ocrx_word' id='word_1_89' title='bbox 1396 1590 1470 1665; x_wconf 77' lang='grc' dir='ltr'>ΒΗ,</span> <span class='ocrx_word' id='word_1_90' title='bbox 1496 1590 1566 1655; x_wconf 85' lang='grc' dir='ltr'>ΗΒ.</span> 
     </span>
     <span class='ocr_line' id='line_1_10' title="bbox 395 1701 1568 1788; baseline -0.009 -15"><span class='ocrx_word' id='word_1_91' title='bbox 395 1709 490 1787; x_wconf 85' lang='lat' dir='ltr'>Quod</span> <span class='ocrx_word' id='word_1_92' title='bbox 515 1708 543 1771; x_wconf 91' lang='lat' dir='ltr'>si</span> <span class='ocrx_word' id='word_1_93' title='bbox 566 1724 681 1771; x_wconf 88' lang='lat' dir='ltr'>rursus</span> <span class='ocrx_word' id='word_1_94' title='bbox 705 1706 894 1788; x_wconf 87' lang='lat' dir='ltr'>parabolam</span> <span class='ocrx_word' id='word_1_95' title='bbox 919 1721 977 1787; x_wconf 90' lang='lat' dir='ltr'>per</span> <span class='ocrx_word' id='word_1_96' title='bbox 1000 1705 1052 1768; x_wconf 87' lang='lat' dir='ltr'>FB</span> <span class='ocrx_word' id='word_1_97' title='bbox 1074 1703 1272 1784; x_wconf 82' lang='lat' dir='ltr'>descriptam</span> <span class='ocrx_word' id='word_1_98' title='bbox 1296 1701 1527 1783; x_wconf 81' lang='lat' dir='ltr'>concipiamus</span> <span class='ocrx_word' id='word_1_99' title='bbox 1546 1717 1568 1761; x_wconf 91' lang='lat' dir='ltr'>a</span> 
     </span>
     <span class='ocr_line' id='line_1_11' title="bbox 394 1811 1567 1894; baseline -0.004 -14"><span class='ocrx_word' id='word_1_100' title='bbox 394 1814 598 1879; x_wconf 86' lang='lat' dir='ltr'>sublimitate</span> <span class='ocrx_word' id='word_1_101' title='bbox 621 1815 671 1879; x_wconf 83' lang='lat' dir='ltr'>FL</span> <span class='ocrx_word' id='word_1_102' title='bbox 694 1831 772 1879; x_wconf 89' lang='lat' dir='ltr'>aum</span> <span class='ocrx_word' id='word_1_103' title='bbox 797 1813 973 1877; x_wconf 81' lang='lat' dir='ltr'>altitudine</span> <span class='ocrx_word' id='word_1_104' title='bbox 998 1812 1072 1888; x_wconf 78' lang='lat' dir='ltr'>Fc;</span> <span class='ocrx_word' id='word_1_105' title='bbox 1091 1830 1232 1894; x_wconf 86' lang='lat' dir='ltr'>quarum</span> <span class='ocrx_word' id='word_1_106' title='bbox 1252 1811 1359 1876; x_wconf 90' lang='lat' dir='ltr'>media</span> <span class='ocrx_word' id='word_1_107' title='bbox 1377 1811 1567 1894; x_wconf 85' lang='lat' dir='ltr'>proportio·</span> 
     </span>
     <span class='ocr_line' id='line_1_12' title="bbox 395 1920 1567 2004; baseline -0.003 -18"><span class='ocrx_word' id='word_1_108' title='bbox 395 1922 481 1986; x_wconf 85' lang='lat' dir='ltr'>nolis</span> <span class='ocrx_word' id='word_1_109' title='bbox 514 1927 563 1985; x_wconf 87' lang='lat' dir='ltr'>est</span> <span class='ocrx_word' id='word_1_110' title='bbox 597 1921 671 1995; x_wconf 74' lang='lat' dir='ltr'>FGr</span> <span class='ocrx_word' id='word_1_111' title='bbox 701 1921 799 2004; x_wconf 85' lang='lat' dir='ltr'>eujus</span> <span class='ocrx_word' id='word_1_112' title='bbox 818 1921 923 2002; x_wconf 88' lang='lat' dir='ltr'>dupla</span> <span class='ocrx_word' id='word_1_113' title='bbox 945 1926 995 1985; x_wconf 90' lang='lat' dir='ltr'>est</span> <span class='ocrx_word' id='word_1_114' title='bbox 1018 1921 1231 1985; x_wconf 83' lang='lat' dir='ltr'>horizontalis</span> <span class='ocrx_word' id='word_1_115' title='bbox 1255 1922 1326 1987; x_wconf 83' lang='lat' dir='ltr'>CB:</span> <span class='ocrx_word' id='word_1_116' title='bbox 1353 1920 1416 1984; x_wconf 89' lang='lat' dir='ltr'>erit</span> <span class='ocrx_word' id='word_1_117' title='bbox 1441 1920 1567 2001; x_wconf 85' lang='lat' dir='ltr'>pariter</span> 
     </span>
     <span class='ocr_line' id='line_1_13' title="bbox 395 2029 1568 2113; baseline -0.004 -16"><span class='ocrx_word' id='word_1_118' title='bbox 395 2030 446 2097; x_wconf 84' lang='lat' dir='ltr'>CB</span> <span class='ocrx_word' id='word_1_119' title='bbox 469 2031 539 2112; x_wconf 90' lang='lat' dir='ltr'>ejus</span> <span class='ocrx_word' id='word_1_120' title='bbox 558 2029 763 2111; x_wconf 77' lang='lat' dir='ltr'>amplitudoz</span> <span class='ocrx_word' id='word_1_121' title='bbox 798 2030 956 2110; x_wconf 89' lang='lat' dir='ltr'>illamque</span> <span class='ocrx_word' id='word_1_122' title='bbox 979 2035 1092 2113; x_wconf 82' lang='lat' dir='ltr'>tanget</span> <span class='ocrx_word' id='word_1_123' title='bbox 1116 2031 1193 2104; x_wconf 89' lang='grc' dir='ltr'>ΕΒ,</span> <span class='ocrx_word' id='word_1_124' title='bbox 1221 2049 1299 2095; x_wconf 89' lang='lat' dir='ltr'>aum</span> <span class='ocrx_word' id='word_1_125' title='bbox 1324 2030 1400 2105; x_wconf 64' lang='lat' dir='ltr'>llll,</span> <span class='ocrx_word' id='word_1_126' title='bbox 1424 2030 1475 2097; x_wconf 87' lang='lat' dir='ltr'>FC</span> <span class='ocrx_word' id='word_1_127' title='bbox 1500 2030 1568 2093; x_wconf 85' lang='lat' dir='ltr'>sint</span> 
     </span>
     <span class='ocr_line' id='line_1_14' title="bbox 396 2136 1568 2233; baseline -0.001 -30"><span class='ocrx_word' id='word_1_128' title='bbox 396 2138 560 2222; x_wconf 83' lang='lat' dir='ltr'>aequales.</span> <span class='ocrx_word' id='word_1_129' title='bbox 582 2140 713 2203; x_wconf 88' lang='lat' dir='ltr'>Distant</span> <span class='ocrx_word' id='word_1_130' title='bbox 737 2139 851 2221; x_wconf 77' lang='lat' dir='ltr'>anguli</span> <span class='ocrx_word' id='word_1_131' title='bbox 874 2138 965 2212; x_wconf 83' lang='lat' dir='ltr'><strong>DBC,</strong></span> <span class='ocrx_word' id='word_1_132' title='bbox 990 2140 1070 2207; x_wconf 81' lang='lat' dir='ltr'>EBG</span> <span class='ocrx_word' id='word_1_133' title='bbox 1095 2136 1309 2225; x_wconf 83' lang='lat' dir='ltr'>(elevationes</span> <span class='ocrx_word' id='word_1_134' title='bbox 1334 2139 1461 2204; x_wconf 87' lang='lat' dir='ltr'>scilieet</span> <span class='ocrx_word' id='word_1_135' title='bbox 1476 2139 1568 2233; x_wconf 53' lang='lat' dir='ltr'>ipsaf</span> 
     </span>
     <span class='ocr_line' id='line_1_15' title="bbox 367 2246 1566 2333; baseline 0.007 -28"><span class='ocrx_word' id='word_1_136' title='bbox 367 2296 371 2305; x_wconf 91' lang='lat'><em>.</em></span> <span class='ocrx_word' id='word_1_137' title='bbox 394 2246 489 2333; x_wconf 87' lang='lat' dir='ltr'>rum)</span> <span class='ocrx_word' id='word_1_138' title='bbox 511 2249 695 2330; x_wconf 86' lang='lat' dir='ltr'>aequaliter</span> <span class='ocrx_word' id='word_1_139' title='bbox 717 2266 737 2311; x_wconf 88' lang='lat' dir='ltr'>a</span> <span class='ocrx_word' id='word_1_140' title='bbox 760 2250 955 2323; x_wconf 86' lang='lat' dir='ltr'>semireeta;</span> <span class='ocrx_word' id='word_1_141' title='bbox 978 2259 1007 2311; x_wconf 86' lang='lat' dir='ltr'>et</span> <span class='ocrx_word' id='word_1_142' title='bbox 1029 2250 1164 2330; x_wconf 86' lang='lat' dir='ltr'>impetus</span> <span class='ocrx_word' id='word_1_143' title='bbox 1187 2249 1222 2311; x_wconf 87' lang='lat' dir='ltr'>in</span> <span class='ocrx_word' id='word_1_144' title='bbox 1243 2258 1361 2331; x_wconf 87' lang='lat' dir='ltr'>puueta</span> <span class='ocrx_word' id='word_1_145' title='bbox 1384 2248 1414 2311; x_wconf 92' lang='grc' dir='ltr'><em>Β</em></span> <span class='ocrx_word' id='word_1_146' title='bbox 1437 2249 1566 2313; x_wconf 72' lang='lat' dir='ltr'>maius·</span> 
     </span>
     <span class='ocr_line' id='line_1_16' title="bbox 395 2355 1563 2439; baseline -0.001 -19"><span class='ocrx_word' id='word_1_147' title='bbox 395 2375 455 2439; x_wconf 89' lang='lat' dir='ltr'>que</span> <span class='ocrx_word' id='word_1_148' title='bbox 476 2355 643 2439; x_wconf 87' lang='lat' dir='ltr'>parabolae</span> <span class='ocrx_word' id='word_1_149' title='bbox 666 2358 749 2419; x_wconf 88' lang='lat' dir='ltr'>inter</span> <span class='ocrx_word' id='word_1_150' title='bbox 774 2374 806 2419; x_wconf 92' lang='lat' dir='ltr'>se</span> <span class='ocrx_word' id='word_1_151' title='bbox 834 2365 909 2419; x_wconf 89' lang='lat' dir='ltr'>sunt</span> <span class='ocrx_word' id='word_1_152' title='bbox 937 2356 1084 2439; x_wconf 80' lang='lat' dir='ltr'>aequales</span> <span class='ocrx_word' id='word_1_153' title='bbox 1119 2374 1191 2421; x_wconf 87' lang='lat' dir='ltr'>curn</span> <span class='ocrx_word' id='word_1_154' title='bbox 1223 2363 1498 2438; x_wconf 79' lang='lat' dir='ltr'>repraesententur</span> <span class='ocrx_word' id='word_1_155' title='bbox 1521 2356 1563 2420; x_wconf 88' lang='lat' dir='ltr'>ub</span> 
     </span>
     <span class='ocr_line' id='line_1_17' title="bbox 397 2460 1564 2547; baseline 0.002 -20"><span class='ocrx_word' id='word_1_156' title='bbox 397 2463 581 2545; x_wconf 81' lang='lat' dir='ltr'>aequalibus</span> <span class='ocrx_word' id='word_1_157' title='bbox 605 2462 695 2526; x_wconf 88' lang='lat' dir='ltr'>lineis</span> <span class='ocrx_word' id='word_1_158' title='bbox 721 2461 783 2534; x_wconf 81' lang='lat' dir='ltr'>lb.</span> <span class='ocrx_word' id='word_1_159' title='bbox 807 2460 887 2538; x_wconf 79' lang='lat' dir='ltr'>EG,</span> <span class='ocrx_word' id='word_1_160' title='bbox 908 2472 945 2526; x_wconf 84' lang='lat' dir='ltr'>ut</span> <span class='ocrx_word' id='word_1_161' title='bbox 967 2481 1042 2528; x_wconf 82' lang='lat' dir='ltr'>maa</span> <span class='ocrx_word' id='word_1_162' title='bbox 1064 2464 1248 2536; x_wconf 71' lang='lat' dir='ltr'>ostendam:</span> <span class='ocrx_word' id='word_1_163' title='bbox 1268 2482 1348 2547; x_wconf 81' lang='lat' dir='ltr'>ergo</span> <span class='ocrx_word' id='word_1_164' title='bbox 1371 2468 1462 2547; x_wconf 89' lang='lat' dir='ltr'>patet</span> <span class='ocrx_word' id='word_1_165' title='bbox 1487 2482 1564 2545; x_wconf 90' lang='lat' dir='ltr'>pro-</span> 
     </span>
     <span class='ocr_line' id='line_1_18' title="bbox 398 2572 554 2652; baseline -0.013 -17"><span class='ocrx_word' id='word_1_166' title='bbox 398 2572 554 2652; x_wconf 89' lang='lat' dir='ltr'>positum.</span> 
     </span>
    </p>

    <p class='ocr_par' dir='ltr' id='par_1_3' title="bbox 391 2674 1569 3959">
     <span class='ocr_line' id='line_1_19' title="bbox 491 2674 1566 2762; baseline 0.006 -23"><span class='ocrx_word' id='word_1_167' title='bbox 491 2674 583 2751; x_wconf 83' lang='lat' dir='ltr'>Quod</span> <span class='ocrx_word' id='word_1_168' title='bbox 609 2686 714 2741; x_wconf 87' lang='lat' dir='ltr'>autem</span> <span class='ocrx_word' id='word_1_169' title='bbox 747 2679 843 2742; x_wconf 89' lang='lat' dir='ltr'>lineae</span> <span class='ocrx_word' id='word_1_170' title='bbox 880 2678 944 2755; x_wconf 79' lang='lat' dir='ltr'>lt,</span> <span class='ocrx_word' id='word_1_171' title='bbox 980 2678 1042 2743; x_wconf 81' lang='lat' dir='ltr'>GE</span> <span class='ocrx_word' id='word_1_172' title='bbox 1070 2681 1305 2762; x_wconf 81' lang='lat' dir='ltr'>praedictarum</span> <span class='ocrx_word' id='word_1_173' title='bbox 1334 2687 1566 2747; x_wconf 85' lang='lat' dir='ltr'>momentorum</span> 
     </span>
     <span class='ocr_line' id='line_1_20' title="bbox 398 2786 1566 2872; baseline 0.004 -24"><span class='ocrx_word' id='word_1_174' title='bbox 398 2787 461 2849; x_wconf 87' lang='lat' dir='ltr'>sint</span> <span class='ocrx_word' id='word_1_175' title='bbox 484 2801 659 2860; x_wconf 84' lang='lat' dir='ltr'>mensurae,</span> <span class='ocrx_word' id='word_1_176' title='bbox 682 2788 726 2857; x_wconf 84' lang='lat' dir='ltr'>sie</span> <span class='ocrx_word' id='word_1_177' title='bbox 744 2794 841 2870; x_wconf 88' lang='lat' dir='ltr'>patet.</span> <span class='ocrx_word' id='word_1_178' title='bbox 859 2786 937 2851; x_wconf 86' lang='lat' dir='ltr'>Cum</span> <span class='ocrx_word' id='word_1_179' title='bbox 953 2790 1036 2857; x_wconf 87' lang='lat' dir='ltr'>enirn</span> <span class='ocrx_word' id='word_1_180' title='bbox 1051 2790 1226 2854; x_wconf 87' lang='lat' dir='ltr'>sublimitas</span> <span class='ocrx_word' id='word_1_181' title='bbox 1244 2791 1417 2872; x_wconf 89' lang='lat' dir='ltr'>parabolae</span> <span class='ocrx_word' id='word_1_182' title='bbox 1441 2790 1508 2855; x_wconf 96' lang='grc' dir='ltr'>ΗΒ</span> <span class='ocrx_word' id='word_1_183' title='bbox 1526 2792 1566 2854; x_wconf 86' lang='lat' dir='ltr'>sit</span> 
     </span>
     <span class='ocr_line' id='line_1_21' title="bbox 399 2894 1566 2985; baseline 0.006 -26"><span class='ocrx_word' id='word_1_184' title='bbox 399 2894 470 2970; x_wconf 78' lang='grc' dir='ltr'>ΒΗ,</span> <span class='ocrx_word' id='word_1_185' title='bbox 490 2896 657 2977; x_wconf 90' lang='lat' dir='ltr'>parabolae</span> <span class='ocrx_word' id='word_1_186' title='bbox 680 2913 752 2959; x_wconf 90' lang='lat' dir='ltr'>aero</span> <span class='ocrx_word' id='word_1_187' title='bbox 775 2895 835 2960; x_wconf 85' lang='lat' dir='ltr'>FB</span> <span class='ocrx_word' id='word_1_188' title='bbox 858 2900 897 2961; x_wconf 92' lang='lat' dir='ltr'>sit</span> <span class='ocrx_word' id='word_1_189' title='bbox 924 2897 979 2961; x_wconf 70' lang='grc' dir='ltr'>[Β</span> <span class='ocrx_word' id='word_1_190' title='bbox 992 2948 1000 2971; x_wconf 91' lang='grc'>,</span> <span class='ocrx_word' id='word_1_191' title='bbox 1028 2901 1055 2963; x_wconf 90' lang='lat' dir='ltr'>si</span> <span class='ocrx_word' id='word_1_192' title='bbox 1083 2901 1216 2982; x_wconf 88' lang='lat' dir='ltr'>impetus</span> <span class='ocrx_word' id='word_1_193' title='bbox 1240 2902 1442 2966; x_wconf 69' lang='lat' dir='ltr'>dodrantariis</span> <span class='ocrx_word' id='word_1_194' title='bbox 1466 2919 1566 2985; x_wconf 92' lang='lat' dir='ltr'>para·</span> 
     </span>
     <span class='ocr_line' id='line_1_22' title="bbox 399 3005 1567 3094; baseline 0.005 -23"><span class='ocrx_word' id='word_1_195' title='bbox 399 3007 483 3071; x_wconf 89' lang='lat' dir='ltr'>balae</span> <span class='ocrx_word' id='word_1_196' title='bbox 507 3005 571 3070; x_wconf 89' lang='grc' dir='ltr'>ΗΒ</span> <span class='ocrx_word' id='word_1_197' title='bbox 590 3016 731 3090; x_wconf 89' lang='lat' dir='ltr'>ponatur</span> <span class='ocrx_word' id='word_1_198' title='bbox 753 3025 816 3070; x_wconf 88' lang='lat' dir='ltr'>esse</span> <span class='ocrx_word' id='word_1_199' title='bbox 840 3007 911 3083; x_wconf 79' lang='grc' dir='ltr'>ΒΗ,</span> <span class='ocrx_word' id='word_1_200' title='bbox 930 3011 1100 3091; x_wconf 86' lang='lat' dir='ltr'>parabolae</span> <span class='ocrx_word' id='word_1_201' title='bbox 1125 3010 1186 3075; x_wconf 86' lang='lat' dir='ltr'>FB</span> <span class='ocrx_word' id='word_1_202' title='bbox 1208 3013 1265 3075; x_wconf 87' lang='lat' dir='ltr'>erit</span> <span class='ocrx_word' id='word_1_203' title='bbox 1292 3008 1352 3075; x_wconf 72' lang='grc' dir='ltr'>ΗΒ</span> <span class='ocrx_word' id='word_1_204' title='bbox 1370 3012 1475 3076; x_wconf 87' lang='lat' dir='ltr'>media</span> <span class='ocrx_word' id='word_1_205' title='bbox 1491 3029 1567 3094; x_wconf 92' lang='lat' dir='ltr'>pra·</span> 
     </span>
     <span class='ocr_line' id='line_1_23' title="bbox 391 3114 1567 3204; baseline 0.007 -25"><span class='ocrx_word' id='word_1_206' title='bbox 391 3116 579 3196; x_wconf 84' lang='lat' dir='ltr'>portionalis</span> <span class='ocrx_word' id='word_1_207' title='bbox 601 3117 685 3179; x_wconf 89' lang='lat' dir='ltr'>iuter</span> <span class='ocrx_word' id='word_1_208' title='bbox 708 3114 777 3189; x_wconf 77' lang='lat' dir='ltr'>all,</span> <span class='ocrx_word' id='word_1_209' title='bbox 803 3115 859 3179; x_wconf 72' lang='grc' dir='ltr'>ΒΗ</span> <span class='ocrx_word' id='word_1_210' title='bbox 881 3119 1109 3193; x_wconf 74' lang='lat' dir='ltr'>sublimitates:</span> <span class='ocrx_word' id='word_1_211' title='bbox 1131 3129 1161 3184; x_wconf 88' lang='lat' dir='ltr'>et</span> <span class='ocrx_word' id='word_1_212' title='bbox 1182 3123 1209 3184; x_wconf 85' lang='lat' dir='ltr'>si</span> <span class='ocrx_word' id='word_1_213' title='bbox 1233 3121 1366 3204; x_wconf 88' lang='lat' dir='ltr'>impetus</span> <span class='ocrx_word' id='word_1_214' title='bbox 1383 3122 1567 3187; x_wconf 73' lang='lat' dir='ltr'>batizante-</span> 
     </span>
     <span class='ocr_line' id='line_1_24' title="bbox 398 3220 1569 3312; baseline 0.012 -30"><span class='ocrx_word' id='word_1_215' title='bbox 398 3222 434 3283; x_wconf 90' lang='lat' dir='ltr'>lis</span> <span class='ocrx_word' id='word_1_216' title='bbox 454 3221 621 3312; x_wconf 75' lang='lat' dir='ltr'>parabolae</span> <span class='ocrx_word' id='word_1_217' title='bbox 646 3220 710 3284; x_wconf 89' lang='grc' dir='ltr'>ΗΒ</span> <span class='ocrx_word' id='word_1_218' title='bbox 732 3225 906 3305; x_wconf 82' lang='lat' dir='ltr'>acquisitus</span> <span class='ocrx_word' id='word_1_219' title='bbox 925 3242 983 3307; x_wconf 79' lang='lat' dir='ltr'>per</span> <span class='ocrx_word' id='word_1_220' title='bbox 1007 3225 1071 3291; x_wconf 82' lang='lat' dir='ltr'>lu</span> <span class='ocrx_word' id='word_1_221' title='bbox 1089 3236 1136 3291; x_wconf 91' lang='lat' dir='ltr'>est</span> <span class='ocrx_word' id='word_1_222' title='bbox 1154 3227 1237 3304; x_wconf 77' lang='grc' dir='ltr'>ΒΗ,</span> <span class='ocrx_word' id='word_1_223' title='bbox 1272 3230 1407 3311; x_wconf 88' lang='lat' dir='ltr'>impetus</span> <span class='ocrx_word' id='word_1_224' title='bbox 1431 3230 1569 3311; x_wconf 76' lang='lat' dir='ltr'>ejsudem</span> 
     </span>
     <span class='ocr_line' id='line_1_25' title="bbox 393 3329 1569 3415; baseline 0.01 -24"><span class='ocrx_word' id='word_1_225' title='bbox 393 3329 562 3409; x_wconf 91' lang='lat' dir='ltr'>parabolae</span> <span class='ocrx_word' id='word_1_226' title='bbox 583 3330 850 3411; x_wconf 78' lang='lat' dir='ltr'>perpendicularis</span> <span class='ocrx_word' id='word_1_227' title='bbox 873 3341 942 3414; x_wconf 91' lang='lat' dir='ltr'>post</span> <span class='ocrx_word' id='word_1_228' title='bbox 964 3332 1023 3397; x_wconf 77' lang='lat' dir='ltr'>lie</span> <span class='ocrx_word' id='word_1_229' title='bbox 1047 3336 1106 3412; x_wconf 76' lang='lat' dir='ltr'>erit</span> <span class='ocrx_word' id='word_1_230' title='bbox 1129 3333 1184 3399; x_wconf 85' lang='lat' dir='ltr'>HI</span> <span class='ocrx_word' id='word_1_231' title='bbox 1205 3336 1326 3415; x_wconf 87' lang='lat' dir='ltr'>media,</span> <span class='ocrx_word' id='word_1_232' title='bbox 1350 3346 1380 3399; x_wconf 88' lang='lat' dir='ltr'>et</span> <span class='ocrx_word' id='word_1_233' title='bbox 1403 3336 1472 3400; x_wconf 88' lang='lat' dir='ltr'>idea</span> <span class='ocrx_word' id='word_1_234' title='bbox 1498 3338 1569 3403; x_wconf 86' lang='lat' dir='ltr'>diu·</span> 
     </span>
     <span class='ocr_line' id='line_1_26' title="bbox 396 3436 1566 3535; baseline 0.009 -37"><span class='ocrx_word' id='word_1_235' title='bbox 396 3436 515 3515; x_wconf 84' lang='lat' dir='ltr'>penalis</span> <span class='ocrx_word' id='word_1_236' title='bbox 540 3436 838 3504; x_wconf 71' lang='lat' dir='ltr'>taurianensem</span> <span class='ocrx_word' id='word_1_237' title='bbox 871 3442 1004 3524; x_wconf 87' lang='lat' dir='ltr'>impetus</span> <span class='ocrx_word' id='word_1_238' title='bbox 1032 3446 1192 3524; x_wconf 82' lang='lat' dir='ltr'>compositi</span> <span class='ocrx_word' id='word_1_239' title='bbox 1226 3446 1259 3507; x_wconf 91' lang='lat' dir='ltr'>in</span> <span class='ocrx_word' id='word_1_240' title='bbox 1291 3451 1409 3525; x_wconf 85' lang='lat' dir='ltr'>puncta</span> <span class='ocrx_word' id='word_1_241' title='bbox 1446 3444 1478 3508; x_wconf 93' lang='grc' dir='ltr'><em>Β</em></span> <span class='ocrx_word' id='word_1_242' title='bbox 1499 3453 1566 3535; x_wconf 87' lang='lat' dir='ltr'>past</span> 
     </span>
     <span class='ocr_line' id='line_1_27' title="bbox 399 3545 1566 3635; baseline 0.01 -28"><span class='ocrx_word' id='word_1_243' title='bbox 399 3562 569 3608; x_wconf 81' lang='lat' dir='ltr'>eeaursuu</span> <span class='ocrx_word' id='word_1_244' title='bbox 590 3545 756 3625; x_wconf 90' lang='lat' dir='ltr'>parabolae</span> <span class='ocrx_word' id='word_1_245' title='bbox 773 3547 843 3611; x_wconf 75' lang='grc' dir='ltr'>ἨΒ</span> <span class='ocrx_word' id='word_1_246' title='bbox 863 3568 920 3629; x_wconf 89' lang='lat' dir='ltr'>per</span> <span class='ocrx_word' id='word_1_247' title='bbox 941 3552 999 3614; x_wconf 61' lang='lat' dir='ltr'>lm</span> <span class='ocrx_word' id='word_1_248' title='bbox 1020 3551 1139 3633; x_wconf 67' lang='lat' dir='ltr'>buiuss</span> <span class='ocrx_word' id='word_1_249' title='bbox 1172 3560 1206 3616; x_wconf 91' lang='lat' dir='ltr'>ut</span> <span class='ocrx_word' id='word_1_250' title='bbox 1238 3570 1311 3617; x_wconf 87' lang='lat' dir='ltr'>eum</span> <span class='ocrx_word' id='word_1_251' title='bbox 1336 3553 1468 3635; x_wconf 88' lang='lat' dir='ltr'>impetus</span> <span class='ocrx_word' id='word_1_252' title='bbox 1493 3572 1566 3634; x_wconf 81' lang='lat' dir='ltr'>per-</span> 
     </span>
     <span class='ocr_line' id='line_1_28' title="bbox 396 3655 1564 3745; baseline 0.009 -26"><span class='ocrx_word' id='word_1_253' title='bbox 396 3655 608 3736; x_wconf 80' lang='lat' dir='ltr'>pendicularis</span> <span class='ocrx_word' id='word_1_254' title='bbox 623 3665 697 3739; x_wconf 88' lang='lat' dir='ltr'>post</span> <span class='ocrx_word' id='word_1_255' title='bbox 719 3657 780 3721; x_wconf 78' lang='lat' dir='ltr'>fle</span> <span class='ocrx_word' id='word_1_256' title='bbox 801 3661 840 3722; x_wconf 86' lang='lat' dir='ltr'>sit</span> <span class='ocrx_word' id='word_1_257' title='bbox 865 3659 929 3737; x_wconf 88' lang='grc' dir='ltr'>ΗΙ,</span> <span class='ocrx_word' id='word_1_258' title='bbox 946 3671 1017 3744; x_wconf 88' lang='lat' dir='ltr'>past</span> <span class='ocrx_word' id='word_1_259' title='bbox 1042 3662 1100 3725; x_wconf 77' lang='lat' dir='ltr'>Fu</span> <span class='ocrx_word' id='word_1_260' title='bbox 1117 3666 1151 3725; x_wconf 86' lang='lat' dir='ltr'>ia</span> <span class='ocrx_word' id='word_1_261' title='bbox 1171 3664 1322 3745; x_wconf 88' lang='lat' dir='ltr'>parabola</span> <span class='ocrx_word' id='word_1_262' title='bbox 1337 3663 1398 3727; x_wconf 86' lang='lat' dir='ltr'>FB</span> <span class='ocrx_word' id='word_1_263' title='bbox 1416 3666 1477 3729; x_wconf 86' lang='lat' dir='ltr'>erit</span> <span class='ocrx_word' id='word_1_264' title='bbox 1501 3682 1564 3729; x_wconf 89' lang='lat' dir='ltr'>me·</span> 
     </span>
     <span class='ocr_line' id='line_1_29' title="bbox 397 3764 1566 3856; baseline 0.008 -27"><span class='ocrx_word' id='word_1_265' title='bbox 397 3766 449 3836; x_wconf 88' lang='lat' dir='ltr'>dia</span> <span class='ocrx_word' id='word_1_266' title='bbox 468 3764 547 3839; x_wconf 62' lang='grc' dir='ltr'>ΒΗ·</span> <span class='ocrx_word' id='word_1_267' title='bbox 562 3776 590 3831; x_wconf 90' lang='lat' dir='ltr'>et</span> <span class='ocrx_word' id='word_1_268' title='bbox 605 3768 806 3832; x_wconf 85' lang='lat' dir='ltr'>barizantatis</span> <span class='ocrx_word' id='word_1_269' title='bbox 829 3779 885 3844; x_wconf 86' lang='lat' dir='ltr'>est,</span> <span class='ocrx_word' id='word_1_270' title='bbox 908 3780 944 3835; x_wconf 88' lang='lat' dir='ltr'>ut</span> <span class='ocrx_word' id='word_1_271' title='bbox 965 3771 1110 3849; x_wconf 88' lang='lat' dir='ltr'>vidimus,</span> <span class='ocrx_word' id='word_1_272' title='bbox 1134 3770 1213 3847; x_wconf 77' lang='lat' dir='ltr'>Fa,-</span> <span class='ocrx_word' id='word_1_273' title='bbox 1228 3791 1302 3854; x_wconf 88' lang='lat' dir='ltr'>erpa</span> <span class='ocrx_word' id='word_1_274' title='bbox 1324 3773 1457 3856; x_wconf 88' lang='lat' dir='ltr'>impetus</span> <span class='ocrx_word' id='word_1_275' title='bbox 1482 3791 1566 3838; x_wconf 86' lang='lat' dir='ltr'>emn-</span> 
     </span>
     <span class='ocr_line' id='line_1_30' title="bbox 396 3872 1203 3959; baseline 0.007 -19"><span class='ocrx_word' id='word_1_276' title='bbox 396 3875 515 3955; x_wconf 88' lang='lat' dir='ltr'>pasitus</span> <span class='ocrx_word' id='word_1_277' title='bbox 538 3877 596 3943; x_wconf 84' lang='lat' dir='ltr'>erit</span> <span class='ocrx_word' id='word_1_278' title='bbox 622 3872 695 3953; x_wconf 82' lang='lat' dir='ltr'>GE,</span> <span class='ocrx_word' id='word_1_279' title='bbox 718 3877 802 3959; x_wconf 89' lang='lat' dir='ltr'>quad</span> <span class='ocrx_word' id='word_1_280' title='bbox 824 3888 893 3943; x_wconf 88' lang='lat' dir='ltr'>erut</span> <span class='ocrx_word' id='word_1_281' title='bbox 915 3880 1203 3946; x_wconf 80' lang='lat' dir='ltr'>demonstrandum.</span> 
     </span>
    </p>
   </div>
   <div class='ocr_carea' id='block_1_3' title="bbox 709 4044 1259 4119">
    <p class='ocr_par' dir='ltr' id='par_1_4' title="bbox 709 4044 1259 4119">
     <span class='ocr_line' id='line_1_31' title="bbox 709 4044 1259 4119; baseline 0 -10"><span class='ocrx_word' id='word_1_282' title='bbox 709 4045 886 4113; x_wconf 80' lang='lat' dir='ltr'>Tanonnun</span> <span class='ocrx_word' id='word_1_283' title='bbox 911 4044 973 4117; x_wconf 83' lang='lat' dir='ltr'>Vl,</span> <span class='ocrx_word' id='word_1_284' title='bbox 998 4046 1181 4119; x_wconf 80' lang='lat' dir='ltr'>Pannasrna</span> <span class='ocrx_word' id='word_1_285' title='bbox 1204 4049 1259 4113; x_wconf 86' lang='lat' dir='ltr'>lll.</span> 
     </span>
    </p>
   </div>
   <div class='ocr_carea' id='block_1_4' title="bbox 400 4200 1564 4397">
    <p class='ocr_par' dir='ltr' id='par_1_5' title="bbox 400 4200 1564 4397">
     <span class='ocr_line' id='line_1_32' title="bbox 487 4200 1564 4289; baseline 0.009 -25"><span class='ocrx_word' id='word_1_286' title='bbox 487 4200 639 4285; x_wconf 81' lang='lat' dir='ltr'>Aequales</span> <span class='ocrx_word' id='word_1_287' title='bbox 661 4213 737 4267; x_wconf 88' lang='lat' dir='ltr'>sunt</span> <span class='ocrx_word' id='word_1_288' title='bbox 759 4204 979 4285; x_wconf 83' lang='lat' dir='ltr'>amplitudines</span> <span class='ocrx_word' id='word_1_289' title='bbox 1000 4206 1236 4285; x_wconf 77' lang='lat' dir='ltr'>parabolarum,</span> <span class='ocrx_word' id='word_1_290' title='bbox 1261 4224 1398 4289; x_wconf 87' lang='lat' dir='ltr'>quarum</span> <span class='ocrx_word' id='word_1_291' title='bbox 1416 4208 1564 4274; x_wconf 80' lang='lat' dir='ltr'>altitudi-</span> 
     </span>
     <span class='ocr_line' id='line_1_33' title="bbox 400 4313 1257 4397; baseline 0.008 -24"><span class='ocrx_word' id='word_1_292' title='bbox 400 4328 451 4374; x_wconf 89' lang='lat' dir='ltr'>nes</span> <span class='ocrx_word' id='word_1_293' title='bbox 476 4322 505 4375; x_wconf 87' lang='lat' dir='ltr'>et</span> <span class='ocrx_word' id='word_1_294' title='bbox 528 4313 735 4377; x_wconf 83' lang='lat' dir='ltr'>sublimitates</span> <span class='ocrx_word' id='word_1_295' title='bbox 759 4333 774 4375; x_wconf 89' lang='lat' dir='ltr'>e</span> <span class='ocrx_word' id='word_1_296' title='bbox 796 4315 956 4379; x_wconf 85' lang='lat' dir='ltr'>contrario</span> <span class='ocrx_word' id='word_1_297' title='bbox 978 4314 1039 4378; x_wconf 89' lang='lat' dir='ltr'>sibi</span> <span class='ocrx_word' id='word_1_298' title='bbox 1061 4316 1257 4397; x_wconf 88' lang='lat' dir='ltr'>respondent.</span> 
     </span>
    </p>
   </div>
   <div class='ocr_carea' id='block_1_5' title="bbox 398 4418 1565 4830">
    <p class='ocr_par' dir='ltr' id='par_1_6' title="bbox 398 4418 1565 4830">
     <span class='ocr_line' id='line_1_34' title="bbox 487 4418 1565 4507; baseline 0.006 -25"><span class='ocrx_word' id='word_1_299' title='bbox 487 4421 667 4485; x_wconf 76' lang='lat' dir='ltr'>parabolae</span> <span class='ocrx_word' id='word_1_300' title='bbox 691 4422 745 4485; x_wconf 85' lang='lat' dir='ltr'>Fll</span> <span class='ocrx_word' id='word_1_301' title='bbox 771 4418 854 4505; x_wconf 84' lang='lat' dir='ltr'>(Fip.</span> <span class='ocrx_word' id='word_1_302' title='bbox 872 4418 948 4507; x_wconf 85' lang='lat'><strong>119)</strong></span> <span class='ocrx_word' id='word_1_303' title='bbox 973 4421 1114 4486; x_wconf 89' lang='lat' dir='ltr'>altitudo</span> <span class='ocrx_word' id='word_1_304' title='bbox 1137 4421 1190 4487; x_wconf 88' lang='lat' dir='ltr'>GF</span> <span class='ocrx_word' id='word_1_305' title='bbox 1214 4423 1257 4487; x_wconf 90' lang='lat' dir='ltr'>ad</span> <span class='ocrx_word' id='word_1_306' title='bbox 1280 4424 1492 4489; x_wconf 87' lang='lat' dir='ltr'>altitudinem</span> <span class='ocrx_word' id='word_1_307' title='bbox 1510 4423 1565 4491; x_wconf 81' lang='lat' dir='ltr'>CB</span> 
     </span>
     <span class='ocr_line' id='line_1_35' title="bbox 401 4520 1564 4611; baseline 0.004 -22"><span class='ocrx_word' id='word_1_308' title='bbox 401 4526 575 4609; x_wconf 86' lang='lat' dir='ltr'>parabolae</span> <span class='ocrx_word' id='word_1_309' title='bbox 598 4529 653 4593; x_wconf 90' lang='grc' dir='ltr'>ΒΒ</span> <span class='ocrx_word' id='word_1_310' title='bbox 674 4529 812 4593; x_wconf 87' lang='lat' dir='ltr'>eandem</span> <span class='ocrx_word' id='word_1_311' title='bbox 835 4530 955 4594; x_wconf 88' lang='lat' dir='ltr'>babeat</span> <span class='ocrx_word' id='word_1_312' title='bbox 978 4531 1151 4608; x_wconf 87' lang='lat' dir='ltr'>rationem,</span> <span class='ocrx_word' id='word_1_313' title='bbox 1174 4548 1274 4611; x_wconf 90' lang='lat' dir='ltr'>quam</span> <span class='ocrx_word' id='word_1_314' title='bbox 1299 4520 1487 4597; x_wconf 83' lang='lat' dir='ltr'>sublimitas</span> <span class='ocrx_word' id='word_1_315' title='bbox 1511 4532 1564 4596; x_wconf 80' lang='grc' dir='ltr'>ΒΑ</span> 
     </span>
     <span class='ocr_line' id='line_1_36' title="bbox 398 4634 1564 4722; baseline 0.006 -23"><span class='ocrx_word' id='word_1_316' title='bbox 398 4634 441 4699; x_wconf 90' lang='lat' dir='ltr'>ad</span> <span class='ocrx_word' id='word_1_317' title='bbox 463 4634 699 4701; x_wconf 89' lang='lat' dir='ltr'>sublimitatem</span> <span class='ocrx_word' id='word_1_318' title='bbox 723 4638 786 4702; x_wconf 77' lang='grc' dir='ltr'>ΒΕ.</span> <span class='ocrx_word' id='word_1_319' title='bbox 812 4639 902 4713; x_wconf 88' lang='lat' dir='ltr'>Dico,</span> <span class='ocrx_word' id='word_1_320' title='bbox 927 4639 1179 4721; x_wconf 88' lang='lat' dir='ltr'>amplitudinem</span> <span class='ocrx_word' id='word_1_321' title='bbox 1199 4638 1257 4706; x_wconf 89' lang='lat' dir='ltr'>HG</span> <span class='ocrx_word' id='word_1_322' title='bbox 1280 4639 1493 4722; x_wconf 85' lang='lat' dir='ltr'>amplitudini</span> <span class='ocrx_word' id='word_1_323' title='bbox 1512 4640 1564 4706; x_wconf 83' lang='lat' dir='ltr'>DC</span> 
     </span>
     <span class='ocr_line' id='line_1_37' title="bbox 400 4744 1563 4830; baseline 0.007 -24"><span class='ocrx_word' id='word_1_324' title='bbox 400 4761 469 4808; x_wconf 86' lang='lat' dir='ltr'>esse</span> <span class='ocrx_word' id='word_1_325' title='bbox 489 4744 671 4825; x_wconf 88' lang='lat' dir='ltr'>aequalem.</span> <span class='ocrx_word' id='word_1_326' title='bbox 691 4748 773 4813; x_wconf 87' lang='lat' dir='ltr'>Cum</span> <span class='ocrx_word' id='word_1_327' title='bbox 794 4750 880 4813; x_wconf 89' lang='lat' dir='ltr'>enim</span> <span class='ocrx_word' id='word_1_328' title='bbox 903 4751 1008 4830; x_wconf 86' lang='lat' dir='ltr'>prima</span> <span class='ocrx_word' id='word_1_329' title='bbox 1028 4749 1081 4815; x_wconf 88' lang='lat' dir='ltr'>GF</span> <span class='ocrx_word' id='word_1_330' title='bbox 1101 4753 1142 4814; x_wconf 91' lang='lat' dir='ltr'>ad</span> <span class='ocrx_word' id='word_1_331' title='bbox 1162 4751 1341 4817; x_wconf 80' lang='lat' dir='ltr'>seeundum</span> <span class='ocrx_word' id='word_1_332' title='bbox 1358 4752 1410 4819; x_wconf 88' lang='lat' dir='ltr'>CB</span> <span class='ocrx_word' id='word_1_333' title='bbox 1425 4752 1563 4817; x_wconf 87' lang='lat' dir='ltr'>eandem</span> 
     </span>
    </p>
   </div>
   <div class='ocr_carea' id='block_1_6' title="bbox 0 0 1980 5784">
    <p class='ocr_par' dir='ltr' id='par_1_7' title="bbox 0 0 1980 5784">
     <span class='ocr_line' id='line_1_38' title="bbox 0 0 1980 5784; baseline 0 0"><span class='ocrx_word' id='word_1_334' title='bbox 0 0 1980 5784; x_wconf 95' lang='lat' dir='ltr'> </span> 
     </span>
    </p>
   </div>
  </div>
 </body>
</html>
