3925 5784
805 716 956 761 luorum
982 717 1092 764 runnu.
1466 706 1528 772 197

364 833 466 897 medin
490 836 576 898 inter
598 835 670 905 ΒΟ,
695 835 769 907 cl),
794 837 847 902 oui
873 837 1021 917 aequalis
1045 843 1187 919 ponatur
1211 840 1287 915 BA3
1323 846 1356 906 et
1379 844 1529 924 ipserum

366 941 430 1014 ΕΟ,
456 942 514 1007 CA
538 944 632 1008 tertia
657 945 910 1025 proportionalis
934 946 977 1011 sit
1001 947 1064 1013 ΟΕ.
1092 948 1181 1022 llioo,
1201 950 1255 1015 ΕΒ
1279 968 1349 1016 esse
1372 953 1529 1052 spolium,

363 1050 444 1127 quod
469 1057 680 1131 postumum
704 1069 746 1116 ex
769 1052 793 1119 Ο
819 1053 998 1120 conficitur
1021 1062 1168 1138 tempore
1195 1061 1310 1124 eodem
1344 1079 1383 1126 ae
1417 1064 1529 1145 ipsun

365 1156 420 1223 ΟΙ).
447 1158 481 1224 Si
506 1160 594 1223 enim
618 1159 853 1243 intelligamus,
879 1166 1009 1245 tempus
1035 1181 1091 1245 per
1115 1171 1218 1230 lotam
1243 1167 1294 1233 ΟΒ
1318 1186 1390 1233 esse
1408 1171 1529 1245 urolt,

363 1266 418 1329 erit
442 1267 497 1329 BA
524 1264 656 1352 (media
680 1268 806 1332 scilicet
829 1270 917 1333 inter
940 1272 1004 1346 ΒΟ,
1025 1271 1101 1358 ΟΕ)
1121 1278 1249 1356 tempus
1270 1294 1326 1358 per
1345 1278 1400 1343 ΟΙ)
1425 1280 1528 1345 Cum·

362 1396 417 1458 que
442 1378 500 1444 CA
523 1380 632 1443 media
655 1381 698 1443 sit
721 1380 807 1445 inter
841 1380 915 1454 ΒΟ,
946 1380 1022 1455 ΟΕ,
1046 1384 1109 1446 erit
1133 1383 1188 1449 ΟΑ
1213 1391 1341 1466 tempus
1367 1404 1423 1467 ner
1451 1386 1527 1458 GE:

358 1492 401 1551 est
426 1492 541 1551 aulem
566 1494 634 1552 tota
657 1488 707 1553 BC
735 1496 864 1571 tempus
888 1507 945 1577 per
969 1496 1073 1555 lotam
1101 1491 1174 1566 ΟΒ,;
1211 1512 1291 1577 ergo
1321 1497 1447 1577 reliqua
1470 1498 1525 1560 BA

355 1598 415 1660 erit
442 1605 573 1679 tempus
597 1616 654 1679 per
677 1599 838 1679 reliquam
860 1600 915 1665 ΕΒ
940 1607 1012 1682 post
1035 1620 1151 1666 cesum
1175 1621 1217 1667 ex
1240 1604 1288 1678 Ο;
1313 1607 1429 1671 eadem
1449 1624 1528 1673 vero

346 1702 407 1768 ΒΑ,
431 1704 498 1774 luit
521 1712 651 1787 tempus
675 1724 732 1787 per
755 1707 834 1780 ΟΙ);
866 1726 947 1792 ergo
978 1713 1181 1793 temporibus
1204 1716 1400 1794 aequalibus
1421 1715 1528 1784 eonii·

345 1816 491 1880 ciuntur
511 1816 567 1882 Οὓ
590 1822 623 1879 et
641 1817 699 1881 ΕΒ
723 1834 765 1881 ex
788 1820 898 1898 quiete
921 1820 954 1883 in
980 1824 1027 1893 Α;
1053 1822 1142 1902 quod
1165 1829 1236 1887 orat
1262 1823 1464 1894 leniendum.

613 1973 617 1984 ’
653 1987 829 2051 Tnnonnun
855 1988 1122 2056 IV.Pnoros1rro
1148 1990 1232 2055 xxl.

444 2139 485 2206 Si
509 2143 544 2206 in
564 2142 786 2223 perpendiculo
808 2148 862 2227 fiet
885 2162 978 2211 eorus
1001 2165 1043 2212 ere
1066 2148 1180 2229 quiete,
1199 2149 1233 2212 in
1255 2168 1319 2231 quo
1336 2169 1357 2216 e
1372 2152 1529 2233 pmnoipio

332 2249 486 2315 lotionis
509 2260 657 2316 sumatur
675 2270 753 2335 porr
776 2255 885 2335 quovis
910 2265 1044 2336 tempore
1064 2265 1201 2337 peraeto,
1214 2267 1283 2339 port
1302 2275 1398 2339 quom
1414 2276 1530 2342 requo-

334 2370 407 2426 tur
431 2369 538 2426 motus
561 2362 698 2445 tollemur
727 2380 786 2444 per
820 2364 946 2448 aliquod
970 2365 1102 2445 monum
1132 2376 1293 2449 uteunque
1316 2367 1529 2450 inclinatum,

328 2473 516 2553 spatium,
539 2472 680 2554 quodie
703 2472 758 2537 toli
777 2474 875 2554 ploro
897 2475 1064 2557 conficitur
1086 2477 1120 2539 in
1145 2484 1279 2557 tempore
1300 2477 1427 2559 aequali
1449 2485 1529 2543 ten-

323 2586 422 2663 porr·
446 2602 541 2650 eurus
558 2584 630 2665 jon
651 2586 771 2664 peracti
792 2586 827 2648 in
846 2585 1092 2667 perpendiculo,
1110 2587 1160 2652 ori
1182 2590 1322 2669 epatium
1340 2588 1411 2669 iem
1431 2606 1529 2669 prro·-

331 2703 441 2760 ctum
476 2697 513 2760 in
543 2692 773 2774 perpendiculo,
808 2693 911 2773 majus
946 2695 1006 2758 erit
1040 2693 1301 2775 quomouplum,
1325 2696 1439 2759 minor·
1457 2711 1530 2760 erro

331 2820 450 2883 quam
478 2801 616 2881 triplum.
1183 2863 1186 2869 ,
1294 2797 1296 2801 ’

443 2908 536 2979 lnlm
558 2908 766 2976 horizontem
791 2911 846 2976 ΑΕ
873 2907 946 2995 (Flo
961 2909 1018 2997 77)
1040 2913 1086 2976 sit·
1107 2914 1379 2994 perpendiculum
1403 2914 1477 2984 AB,
1497 2914 1530 2978 iu

334 3036 420 3098 quo
432 3035 478 3082 ex
489 3017 653 3099 principio
665 3022 694 3083 Α
707 3018 765 3084 lint
776 3036 885 3094 casus,
897 3019 994 3101 eujus
1010 3027 1164 3084 sumatur
1179 3021 1345 3101 quaelihet
1364 3039 1440 3102 pars
1459 3021 1533 3096 Alii:

335 3129 430 3196 inde
448 3146 498 3192 ex
521 3128 546 3194 Ο
572 3129 749 3194 inclinetur
772 3134 942 3209 uteunque
966 3130 1101 3210 planum
1136 3129 1214 3203 ΟΟ;
1249 3147 1347 3209 super
1370 3145 1437 3209 quo
1460 3134 1534 3209 nost

332 3254 452 3302 casos
477 3238 510 3300 in
532 3236 589 3304 ΑΟ
613 3239 826 3303 continuetur
850 3242 970 3301 motus.
987 3235 1180 3317 Dieo‚quod
1195 3238 1339 3318 spatium
1361 3236 1418 3300 toli
1438 3242 1532 3302 motu

342 3351 528 3428 peractum
545 3362 603 3427 per
618 3345 672 3411 CG
695 3345 730 3408 in
755 3352 900 3426 tempore
916 3346 1047 3426 aequali
1064 3346 1204 3427 tempori
1221 3362 1319 3410 nasus
1333 3363 1391 3427 per
1402 3345 1471 3417 ΑΟ.
1484 3332 1535 3412 nel

343 3455 429 3534 plns
453 3470 555 3534 quam
579 3452 732 3533 duplum,
754 3454 865 3515 minus
889 3470 968 3516 vero
993 3470 1093 3533 qnam
1110 3453 1247 3535 triplum
1262 3452 1412 3539 ejusdem
1431 3456 1532 3535 anelii

300 3577 304 3584 ·
344 3563 418 3629 ΑΟ.
443 3563 590 3626 Ponatur
613 3562 700 3625 enim
725 3560 777 3627 CF
801 3562 948 3642 aequalis
972 3562 1040 3629 ΑΟ.
1063 3568 1095 3626 et
1119 3570 1256 3628 extenso
1276 3563 1375 3644 plano
1396 3564 1450 3631 GC
1472 3582 1530 3628 us-

346 3693 416 3755 que
433 3673 484 3747 ‚ad
507 3672 712 3736 horizontem
734 3672 769 3735 in
792 3672 832 3744 E,
857 3671 915 3735 liat
940 3677 975 3735 nt
1000 3672 1053 3738 GE
1077 3672 1119 3736 ad
1143 3671 1219 3745 ΕΕ,
1245 3675 1292 3737 ita
1316 3674 1369 3737 FE
1394 3656 1436 3737 nd
1461 3673 1529 3739 EG.

352 3786 527 3867 Siitnque
551 3790 693 3866 ponatur
717 3790 846 3864 tempus
870 3801 968 3848 orsus
993 3800 1050 3864 per
1073 3782 1127 3852 ΑΟ
1153 3800 1224 3848 esse
1260 3788 1298 3847 ut
1329 3783 1418 3848 linea
1452 3781 1530 3853 ΑΟ,

351 3896 416 3960 erit
439 3894 494 3961 GE
512 3899 648 3974 temnus
672 3910 729 3974 por
752 3892 806 3960 ΕΟ
830 3897 863 3958 et
884 3892 935 3958 CF
949 3938 966 3965 ‚f
981 3910 1041 3958 seu
1066 3892 1143 3967 ΟΛ,
1181 3901 1311 3974 tempus
1336 3897 1447 3955 motus
1471 3909 1529 3973 per

357 4003 420 4070 CG.
446 4002 696 4070 (intendendum
720 4002 833 4082 itaque
855 4010 916 4077 eet,
935 4001 1082 4083 spatium
1097 4002 1152 4070 ΟΕ
1167 4002 1241 4084 ipso
1254 4002 1309 4069 ΟΑ
1327 4002 1436 4083 moiun
1455 4020 1527 4088 esso

357 4125 458 4188 quam
482 4108 633 4189 duplum,
655 4108 768 4176 minus
790 4125 871 4174 vero
893 4125 994 4187 qnam
1021 4109 1166 4190 triplum.
1190 4108 1273 4175 Cum
1293 4109 1382 4180 enim
1407 4109 1473 4184 sit,·
1491 4116 1528 4174 ut

356 4219 407 4283 GE
431 4218 474 4281 ad
498 4219 568 4291 ΕΕ,
592 4220 641 4282 ila
665 4219 718 4282 ΕΕ
742 4219 784 4283 ad
808 4216 879 4292 ΕΟ,
903 4218 1092 4289 eriteliam
1115 4220 1162 4284 ita
1187 4218 1238 4284 CF
1263 4219 1305 4282 ad
1328 4218 1393 4284 FG⁴
1417 4218 1529 4288 Minor

361 4333 474 4394 antem
498 4334 549 4392 est
572 4327 626 4395 ΕΟ
651 4345 750 4410 quem
774 4328 840 4404 ΕΕ,
864 4344 966 4408 quare
990 4329 1097 4395 οιὈΕ
1121 4329 1230 4394 minor
1253 4329 1315 4393 erit
1338 4346 1439 4412 quem
1464 4328 1529 4405 FG,

357 4442 387 4499 et
408 4436 464 4503 CG
486 4437 595 4520 major
618 4456 720 4519 quam
743 4438 844 4519 dupla
869 4438 943 4513 ΕΟ,
966 4456 1025 4503 seu
1062 4439 1126 4505 ΑΟ.
1158 4439 1308 4523 Cumque
1333 4457 1450 4511 rursus
1474 4440 1527 4506 ΕΕ

359 4547 464 4610 minor
488 4547 531 4611 sit
553 4564 655 4628 quam
679 4547 779 4630 dupla
803 4546 845 4610 nd
868 4548 921 4616 ΕΟ
948 4545 1019 4633 (est
1042 4550 1139 4618 euim.
1154 4550 1207 4616 ΕΟ
1233 4549 1341 4631 major
1363 4550 1443 4624 ΟΑ,
1467 4567 1526 4620 reu

361 4651 441 4740 ΟΕ),
463 4655 528 4722 erit
551 4674 682 4739 quoqne
705 4657 759 4722 GF
783 4656 891 4721 minor
913 4675 1014 4741 qnam
1040 4659 1139 4740 dupla
1158 4658 1200 4723 ad
1217 4660 1280 4734 FC,
1297 4666 1331 4726 et
1346 4659 1400 4726 GC
1417 4660 1526 4725 minor

363 4779 454 4842 quam
480 4764 579 4848 tripla
604 4765 644 4829 ad
668 4766 731 4840 ΟΕ,
755 4783 812 4833 seu
836 4766 901 4836 CA.
927 4769 1023 4846 Quod
1046 4775 1118 4834 erat
1141 4770 1424 4836 demostrandum.
