3925 5784
398 710 460 775 108
608 767 612 773 .
698 726 846 772 ommuni
869 727 971 773 nunna
997 726 1099 773 nuovn
1123 726 1247 773 surnuzn

394 847 449 913 Cli
471 845 628 910 accudere
651 845 671 908 i’
685 846 805 910 unione
829 846 913 909 deiie
937 864 1088 927 pernosse
1118 865 1181 911 oon
1204 847 1313 928 queiie
1335 848 1369 912 di
1394 849 1472 917 AB:
1499 865 1553 912 rna

395 958 424 1019 ie
447 956 629 1037 puisazioni
653 955 704 1020 dei
730 955 861 1020 termini
885 954 995 1019 hauno
1017 973 1146 1038 sempre
1180 973 1237 1039 per
1266 973 1449 1041 compagae
1485 974 1551 1023 une

394 1065 478 1129 deiie
500 1065 537 1136 C,
559 1065 599 1138 Ι),
617 1083 635 1128 e
658 1082 786 1147 sempre
806 1066 836 1127 ia
858 1066 1059 1139 medesima;
1077 1066 1100 1129 11
1118 1066 1180 1131 ehe
1196 1063 1215 1130 e
1231 1065 1414 1142 manifesto,
1431 1060 1554 1147 perone

394 1178 487 1255 posto
509 1172 572 1235 che
595 1175 639 1247 A,
661 1172 686 1239 C
709 1174 847 1236 battano
870 1172 1018 1244 insieme.
1043 1173 1103 1238 nel.
1121 1189 1254 1253 passure
1277 1175 1306 1236 Α
1329 1173 1364 1236 in
1387 1173 1436 1243 Β,
1459 1172 1487 1241 C
1511 1189 1555 1236 va

396 1286 428 1345 in
452 1282 479 1350 D
500 1299 519 1345 e
542 1286 639 1346 torna
660 1283 695 1345 in
718 1279 755 1356 C,
777 1276 805 1344 si
829 1279 891 1345 ohe
914 1281 926 1344 i
948 1281 1035 1361 ooipi
1053 1285 1091 1353 A,
1116 1282 1141 1348 C
1164 1283 1191 1345 si
1214 1281 1315 1346 ianm
1333 1282 1558 1352 insieme-Ma

395 1393 487 1457 sieno
509 1410 569 1456 ora
592 1392 623 1455 ie
645 1391 709 1455 due
733 1391 917 1456 vibrazioni
941 1392 1008 1462 ΑΒ,
1033 1390 1087 1457 Gi)
1109 1391 1218 1472 quelle
1235 1392 1297 1455 ohe
1316 1390 1510 1472 produoono
1523 1390 1559 1457 iu

395 1502 565 1583 Diapenie,
581 1502 592 1565 i
611 1502 710 1583 tempi
734 1499 818 1567 ‹leiie
840 1499 930 1581 quati
955 1518 1039 1564 sono
1058 1503 1093 1565 in
1117 1502 1311 1582 proporaion
1327 1500 1558 1583 sesquialtera,

295 1631 300 1642 ‘
394 1629 414 1674 e
436 1610 578 1676 dividasi
596 1611 629 1674 ia
645 1611 700 1675 ΑΒ
716 1610 800 1674 della
817 1610 920 1673 eorda
936 1627 1039 1691 grave
1059 1610 1092 1672 in
1111 1615 1160 1674 tre
1176 1610 1261 1690 parti
1276 1610 1389 1693 eguaii
1407 1610 1443 1673 in
1460 1608 1500 1684 E,
1517 1608 1559 1684 0,

394 1738 412 1783 e
435 1721 600 1785 intendasi
621 1721 650 1783 ie
668 1720 851 1785 vibrazioni
875 1720 1079 1783 eominoiare
1094 1719 1170 1783 neii'
1182 1720 1299 1783 istesso
1314 1723 1484 1784 momento
1502 1716 1558 1782 dai

305 1897 307 1900 ,
396 1831 527 1894 termini
550 1832 590 1904 A,
613 1829 660 1904 u;
684 1827 703 1893 (1
726 1828 899 1893 manifesto
921 1828 984 1891 eine
1007 1828 1094 1892 neila
1118 1845 1279 1910 percussa*
1293 1827 1398 1892 onesi
1413 1824 1487 1892 fari
1505 1826 1558 1890 nei

396 1938 536 2002 termine
558 1938 597 2010 Β,
620 1938 652 2001 ia
677 1937 867 2001 vibraaione
890 1937 923 2001 di
948 1938 1004 2002 ΑΒ
1028 1933 1104 2001 sarii
1127 1940 1244 2021 giunta
1266 1938 1448 2001 soiamente
1462 1937 1497 2002 in
1514 1936 1560 2011 m

394 2044 417 2108 11
431 2046 577 2125 timpano
593 2046 726 2127 dunque
743 2045 852 2108 rioeve
868 2045 899 2108 ia
918 2062 1069 2126 pereussa
1086 2046 1114 2109 1)
1129 2046 1218 2110 solae
1233 2045 1285 2109 nei
1303 2048 1430 2110 ritorno
1444 2047 1503 2128 pei·
1515 2046 1558 2110 da

394 2154 424 2217 Β
441 2155 473 2218 in
489 2153 526 2228 C,
543 2153 650 2217 i'aitra
667 2154 859 2220 vibrazione
874 2169 971 2235 passa
994 2154 1036 2219 da
1059 2152 1088 2219 0
1110 2155 1145 2218 in
1169 2156 1194 2219 Β
1217 2171 1244 2217 e·
1259 2154 1389 2220 ritorna-
1403 2155 1438 2219 in
1452 2153 1559 2229 0,·(1-

394 2264 501 2329 oendo
514 2263 546 2326 in
560 2263 749 2344 puisazione
761 2264 794 2327 in
807 2263 844 2339 Β,
856 2262 917 2326 ohe
930 2260 1041 2343 poree
1052 2262 1133 2338 sola,
1145 2279 1163 2325 e
1175 2257 1563 2347 dieuntrattempo(aooi·

399 2369 548 2433 deuteria
562 2367 811 2453 considerarsi),
827 2365 945 2451 perone
963 2369 1093 2434 aventio
1105 2370 1160 2434 noi
1174 2375 1267 2451 posto
1280 2370 1310 2432 ie
1323 2370 1431 2451 prime
1446 2369 1562 2452 puisa-

396 2478 486 2542 zioni
503 2478 584 2541 fatte
602 2478 676 2542 ueil'
688 2480 805 2543 istesso
827 2484 997 2544 momento
1011 2481 1064 2544 nei
1086 2480 1218 2545 termini
1239 2483 1277 2554 Α,
1294 2480 1331 2553 C,
1349 2480 1382 2544 la
1405 2480 1563 2557 monnda,

396 2585 458 2649 ohe
469 2586 505 2650 iu
518 2587 588 2651 sota
604 2587 656 2651 dei
669 2588 808 2652 termine
820 2589 857 2661 Β,
870 2590 898 2653 si
914 2587 984 2653 seee
998 2590 1096 2671 dopo,
1112 2597 1237 2671 quanio
1252 2591 1397 2673 imperta
1407 2592 1433 2656 il
1450 2598 1567 2676 tempo

397 2698 451 2761 dei
475 2698 715 2773 transitum),
737 2694 809 2763 oioe
832 2698 912 2773 ΑΟ,
935 2718 990 2763 ma
1014 2701 1045 2764 ia
1069 2705 1247 2782 segueute,
1269 2700 1332 2765 ohe
1355 2702 1385 2764 ri
1403 2698 1440 2765 ia
1461 2701 1497 2765 in
1511 2700 1565 2778 -Β,

397 2807 484 2871 dista
506 2806 583 2869 naii’
596 2808 680 2871 altra
704 2809 775 2891 soie
796 2815 922 2890 quanto
944 2806 963 2873 1
985 2810 1010 2874 11
1035 2814 1144 2891 tempo
1165 2806 1442 2888 (11οΒ,0110111
1458 2804 1567 2885 metue

371 2915 625 2980 'oontinuando
648 2917 700 2998 poi
724 2917 749 2986 11
772 2918 897 2982 ritorno
921 2917 962 2982 da
985 2916 1015 2983 Ο
1038 2920 1073 2982 in
1096 2922 1147 2993 Α,
1178 2927 1306 2984 mentre
1337 2920 1381 2983 da
1414 2918 1441 2985 C
1468 2919 1505 2985 si·
1523 2937 1566 2984 rr

398 3026 431 3086 in
455 3024 495 3101 Β,
519 3025 549 3089 si
572 3027 666 3087 viene
689 3042 710 3088 a
732 3025 784 3089 iar
806 3027 836 3090 ie
858 3026 923 3090 due
946 3027 1129 3109 puisazioni
1155 3029 1358 3093 unitameuie
1375 3030 1415 3093 in
1438 3030 1467 3093 A
1488 3029 1564 3093 ei).

398 3132 550 3216 Seguono
565 3133 619 3214 poi
635 3134 710 3198 altri
730 3135 853 3215 periodi
876 3134 975 3210 simiii
1001 3153 1019 3200 a
1043 3138 1161 3217 questi,
1184 3133 1256 3201 oioe
1274 3150 1337 3201 oon
1353 3137 1571 3219 1’interpmt2-

398 3244 493 3308 zione
516 3244 548 3307 di
573 3244 638 3308 (ine
661 3245 843 3326 puisazioni
869 3244 954 3308 della
977 3246 1079 3309 corda
1102 3251 1201 3310 aouta
1224 3249 1461 3329 soompngoate
1475 3264 1494 3309 e
1508 3262 1566 3310 so·

402 3352 531 3427 iitarie,
565 3370 583 3415 e
620 3370 688 3421 una
721 3352 808 3416 delia
835 3353 936 3418 eorda
961 3371 1063 3437 grave
1087 3371 1150 3435 pur
1172 3353 1320 3424 solitaria
1342 3371 1361 3416 e
1383 3354 1565 3438 interposia

401 3467 452 3526 tra
476 3461 592 3527 indue
627 3463 773 3528 solitarie
808 3463 1005 3528 deii’aouta.
1041 3459 1073 3528 Si
1098 3464 1159 3526 cire
1182 3482 1216 3528 se
1240 3464 1295 3529 noi
1319 3464 1568 3546 figureremoii

401 3577 512 3651 tempo
535 3571 643 3636 diviso
664 3573 698 3634 in
724 3575 904 3647 momenti,
932 3570 1005 3637 eioe
1027 3574 1062 3637 in
1087 3573 1223 3637 minime
1245 3574 1405 3657 pariiooie
1427 3574 1566 3657 egnati,

401 3682 494 3760 posto
516 3678 578 3742 ene
600 3680 653 3743 nei
676 3679 742 3743 due
765 3680 886 3762 primi,
919 3680 1006 3744 daile
1040 3682 1195 3745 oonoordi
1220 3682 1402 3763 pulsationi
1427 3682 1513 3747 iatte
1531 3684 1568 3745 in

400 3789 439 3857 Α,
464 3785 487 3852 C
513 3788 540 3851 si
566 3789 652 3869 passi
678 3787 712 3851 in
735 3787 957 3864 onemo
974 3790 1109 3854 sibotto
1126 3809 1138 3865 3,
1157 3788 1219 3853 ohe
1238 3790 1291 3853 nel
1308 3794 1571 3871 terno-equarto

326 3926 328 3930 ·
400 3900 568 3961 momento
590 3896 707 3961 ritorni
731 3897 773 3961 da
798 3898 826 3961 Β
847 3898 883 3961 in
906 3898 930 3965 G
955 3899 1111 3962 battendo
1135 3899 1168 3961 in
1192 3897 1243 3969 C,
1275 3915 1293 3961 e
1326 3896 1389 3962 ohe
1416 3895 1514 3963 (iai)
1537 3898 1566 3962 si

401 4006 487 4087 passi
512 4023 570 4088 per
591 4007 618 4070 Β
640 4024 659 4069 e
681 4008 709 4071 si
734 4009 818 4072 torni
835 4009 870 4071 in
895 4005 924 4072 0
945 4009 1130 4072 battandosi
1148 4009 1182 4072 in
1198 4009 1224 4072 Β
1238 4028 1247 4082 ;
1262 4024 1281 4070 e
1296 4007 1358 4072 ohe
1374 4006 1570 4071 finalmente

401 4114 455 4178 nei
477 4116 594 4197 quinto
615 4133 635 4179 e
656 4123 744 4181 sesto
763 4123 930 4182 momento
953 4117 995 4181 da
1018 4116 1048 4184 0
1070 4134 1090 4180 e
1111 4117 1136 4184 C
1159 4120 1186 4181 si
1210 4118 1297 4200 passi
1314 4118 1566 4182 inueniret*

400 4222 499 4287 tendo
536 4224 570 4287 in
606 4225 790 4299 amendue,
818 4242 954 4288 avremo
976 4242 1074 4306 sopra
1097 4225 1125 4288 11
1144 4225 1292 4307 timpano
1321 4224 1351 4287 ie
1376 4222 1563 4305 putsazioni

402 4331 591 4396 distribuite
614 4350 677 4398 oon
702 4332 767 4395 iaie
789 4332 916 4407 ordine,
939 4331 1001 4420 ohe
1026 4336 1118 4414 poste
1139 4331 1170 4394 le
1193 4330 1378 4413 puisazioni
1397 4329 1483 4393 delio
1501 4328 1571 4393 duo

402 4441 503 4505 corde
519 4443 573 4506 nei
597 4442 777 4506 medesimo
796 4442 950 4517 instante,
969 4441 1034 4504 due
1052 4442 1210 4505 momenti
1227 4441 1314 4521 dopo
1330 4432 1481 4504 rioeverir
1499 4454 1569 4501 una

403 4568 557 4633 pernosse
580 4552 738 4623 solitaria,
762 4552 814 4614 nei
838 4558 928 4615 terzo
952 4557 1119 4616 momento
1143 4549 1296 4615 un’aitra
1321 4565 1382 4630 pur
1406 4548 1570 4623 solitaria,

273 4727 280 4740 ,
402 4664 454 4728 nel
478 4669 599 4745 quarto
616 4661 764 4726 un'aitra
783 4662 864 4737 sola,
887 4679 905 4724 e
929 4662 993 4725 due
1014 4661 1171 4726 momenti
1191 4660 1288 4741 dopo,
1304 4654 1377 4722 oioe
1395 4656 1447 4722 nei
1468 4663 1567 4730 sesto,

401 4761 465 4837 due
489 4774 667 4855 congiuntu
691 4772 849 4836 insieme:
875 4773 971 4852 equi
997 4772 1111 4836 linisoe
1135 4771 1158 4834 11
1183 4769 1337 4851 periodo,
1370 4787 1389 4830 e
1420 4776 1481 4847 'per
1517 4765 1571 4829 dir
