3925 5784
774 700 926 747 crement
953 702 1063 749 runzn.
1441 690 1504 759 195

341 818 398 883 tilc
423 823 497 899 post
519 837 634 884 casum
668 823 700 886 in
730 825 787 888 AB
815 830 990 888 moventur
1026 831 1170 908 tempore
1204 831 1334 909 aequali
1369 832 1422 908 ei,
1447 852 1513 914 quo

341 930 442 1008 ipsum
468 929 742 1010 perpendiculum
767 931 822 994 ΑΒ
846 949 886 994 ex
912 931 1022 1013 quiete
1045 934 1197 1000 confecit.
1354 1016 1356 1021 Ι

421 1034 473 1100 Sit
505 1034 719 1101 horizontelis
754 1038 843 1103 linea
877 1039 956 1113 ΑΒ,
991 1043 1046 1105 cui
1080 1020 1237 1108 occurrat
1260 1047 1294 1110 iu
1318 1047 1346 1111 Β
1371 1048 1511 1129 planum

338 1151 518 1219 extensum.
542 1153 575 1209 et
593 1148 780 1229 accipiatur
801 1148 852 1213 FB
869 1150 1017 1232 aequatis
1041 1153 1108 1224 ΒΑ,
1133 1158 1165 1216 et
1186 1152 1243 1217 liat
1261 1160 1298 1217 ut
1314 1156 1368 1220 ΒΒ
1384 1157 1426 1221 ad
1447 1128 1512 1231 ΒΕ,

338 1253 379 1315 itn
403 1252 459 1316 ΕΒ
481 1252 523 1316 cd
543 1253 610 1318 ΒΕ.
631 1253 726 1330 ilico,
742 1259 873 1337 tempus
887 1273 946 1337 per
963 1258 1015 1322 ΒΕ
1033 1266 1105 1339 post
1120 1277 1234 1324 casum
1253 1262 1286 1326 in
1303 1265 1358 1329 ΑΒ
1376 1267 1511 1347 aequari

337 1365 474 1444 tempori
498 1381 556 1445 per
574 1364 629 1429 ΑΒ
652 1380 693 1427 ex
717 1365 827 1446 quiete
851 1366 884 1428 in
910 1369 948 1430 Δ.
973 1366 1005 1430 Si
1030 1368 1118 1432 euim
1143 1369 1350 1454 intelligatur
1365 1373 1421 1436 ΑΒ
1440 1390 1512 1438 esse

337 1481 463 1557 tempus
483 1487 546 1557 *per
569 1477 636 1550 ΑΒ,
658 1477 722 1541 erit
745 1478 799 1542 ΒΒ
823 1483 953 1560 tempus
977 1496 1035 1559 per
1059 1481 1123 1544 ΒΒ.
1147 1480 1298 1562 Cumque
1322 1483 1376 1557 sit,
1400 1492 1437 1546 ut
1457 1485 1511 1548 BD

337 1584 373 1653 cd
397 1584 462 1654 DF,
481 1585 531 1648 ita
548 1584 603 1649 ΕΒ
626 1586 666 1648 ad
685 1585 754 1659 ΒΕ,
771 1586 836 1650 erit
856 1586 909 1650 DF
929 1593 1061 1668 tempus
1082 1594 1264 1667 pertulum
1285 1590 1421 1671 planum
1441 1593 1513 1667 ΒΕ,

338 1699 365 1756 et
386 1694 440 1758 BF
466 1712 532 1775 per
550 1700 678 1776 purtem
703 1694 755 1759 ΒΕ
780 1713 822 1760 ex
846 1695 895 1770 Β;
919 1697 974 1762 sed
998 1701 1127 1778 tempus
1147 1716 1205 1779 per
1220 1700 1273 1762 BE
1295 1705 1367 1781 post
1383 1700 1437 1765 ΒΒ
1455 1707 1505 1768 est

339 1802 421 1866 idem
457 1820 497 1866 cc
529 1807 602 1884 post
637 1803 715 1876 ΑΒ;
751 1808 984 1885 ergotempus
1009 1805 1142 1885 perilli
1167 1810 1238 1885 post
1263 1806 1318 1869 ΑΒ
1350 1809 1412 1871 erit
1437 1808 1511 1882 BF,

339 1912 472 1992 aequale
496 1911 624 1976 scilicet
649 1914 787 1993 tempori
813 1913 879 1986 ΑΒ,
903 1931 945 1976 ex
969 1914 1079 1994 quiete
1103 1915 1135 1976 in
1161 1920 1208 1977 lt:
1234 1914 1322 1995 quod
1342 1922 1414 1979 eret
1433 1935 1510 1998 pro·

339 2021 492 2101 positum.

626 2245 799 2309 Proetum
825 2246 867 2318 v,
891 2247 1076 2310 Prorosrrm
1104 2246 1214 2310 xvltl.

402 2459 487 2525 Dete
501 2463 538 2526 tc
553 2462 774 2544 perpendiculo
790 2464 900 2546 quovis
917 2465 1019 2544 spatio
1034 2482 1054 2527 u
1069 2464 1226 2545 principio
1239 2422 1362 2527 ditionis
1375 2463 1510 2544 sipulum,

338 2570 415 2657 qood
438 2570 475 2633 in
498 2569 572 2634 doto
595 2580 729 2653 tempore
752 2573 950 2653 conficietur,
973 2572 1109 2654 doteque
1133 2588 1322 2655 quoeunque
1345 2572 1407 2635 clio
1432 2579 1509 2635 tcm-

337 2695 406 2757 pcrc
429 2680 558 2755 minori,
572 2678 662 2742 clud
676 2680 815 2760 spatium
832 2681 939 2745 eidem
955 2681 1096 2761 aequale
1114 2683 1149 2743 in
1163 2680 1383 2763 perpendiculo
1406 2682 1510 2746 eodem

338 2791 481 2871 reperire,
504 2788 588 2871 qnod
610 2790 644 2851 in
668 2790 743 2855 doto
764 2799 897 2871 tempore
919 2792 1036 2854 minori
1059 2792 1255 2873 conficiatur.

421 2899 472 2966 Sit
496 2899 766 2981 perpendiculum
785 2903 814 2964 Δ
835 2897 920 2985 (Flo.
936 2897 1005 2986 73),
1019 2901 1055 2963 in
1076 2918 1142 2982 quo
1165 2902 1262 2965 delur
1277 2901 1423 2981 spatium
1440 2901 1507 2968 ΑΒ.

332 3008 432 3091 cujus
458 3014 587 3089 tempus
611 3027 653 3073 er
677 3010 839 3091 principio
863 3012 891 3073 A
913 3010 957 3074 sit
981 3009 1047 3083 ΑΒ,
1072 3011 1179 3091 sitque
1205 3011 1339 3075 horizon
1364 3009 1457 3081 Cllli.
1476 3018 1510 3074 et

333 3118 432 3183 detur
455 3123 585 3200 tempus
608 3120 680 3201 ipso
699 3120 754 3184 ΑΒ
771 3120 891 3196 minus,
914 3120 968 3183 cui
993 3120 1025 3183 in
1049 3120 1220 3184 horizonte
1237 3125 1368 3184 notetur
1383 3134 1508 3199 nequa·

328 3228 363 3293 le
385 3228 466 3298 BG:
489 3234 618 3311 oportet
653 3230 686 3293 tn
723 3229 838 3293 eodem
867 3228 1098 3310 perpendiculo
1134 3229 1276 3310 spatium
1310 3227 1417 3291 eidem
1452 3227 1508 3290 ΑΒ

335 3337 479 3420 aequale
501 3337 668 3419 reperire,
690 3337 779 3418 quod
803 3322 1023 3417 temporellll
1047 3335 1254 3401 conficiatur.
1278 3337 1445 3420 iungatur
1468 3336 1509 3401 li·

326 3464 396 3513 nea
416 3446 486 3514 Ac.
510 3446 661 3528 Cumque
683 3445 735 3513 BC
760 3447 869 3510 minor
892 3447 936 3509 sit
958 3447 1025 3520 ΒΑ,
1044 3446 1108 3509 erit
1130 3447 1275 3530 angulus
1294 3447 1376 3513 ΒΔΕ
1401 3447 1510 3520 minor

324 3558 457 3644 ungulo
479 3558 573 3625 Bon.
597 3555 827 3624 Constituatur
849 3557 880 3621 ei
904 3556 1053 3638 aequalis
1070 3556 1168 3631 dnn,
1186 3562 1219 3621 et
1234 3557 1323 3621 lineo
1343 3556 1400 3620 ΛΕ
1416 3555 1509 3620 lncri-

328 3668 420 3731 zonti
446 3672 603 3732 occurrat
625 3668 660 3731 iu
684 3670 807 3748 puncto
828 3666 868 3744 Ε,
883 3666 925 3729 ad
949 3684 1048 3748 quam
1067 3667 1349 3748 perpendicularis
1366 3673 1508 3748 ponatur

329 3777 391 3843 ΕΒ
413 3794 530 3842 secans
555 3776 827 3860 perpendiculum
851 3778 885 3842 iu
910 3777 948 3850 ll,
972 3776 1115 3855 etliuea
1139 3777 1193 3841 DF
1217 3778 1278 3858 ipsi
1304 3777 1359 3840 ΒΑ
1377 3779 1507 3839 secetur

331 3886 492 3969 aequalis.
517 3887 598 3952 llieo
617 3888 723 3968 ipsum
747 3886 803 3951 lili
824 3904 895 3951 esse
927 3886 1152 3969 perpendiculi
1189 3894 1336 3967 partem.
1371 3886 1406 3948 in
1441 3899 1507 3964 que

330 3997 413 4062 latio
447 4014 489 4062 ex
525 3996 689 4079 principio
712 4002 822 4060 motus
846 3996 929 4065 iud
952 3996 1139 4062 absolvitur
1164 4002 1307 4075 tempore
1336 3992 1387 4058 BC
1415 3991 1503 4055 dato.

330 4106 415 4174 Cum
441 4106 531 4170 cuim
565 4105 599 4169 in
633 4103 803 4186 triangulo
826 4104 1020 4186 rectaugulo
1044 4102 1131 4167 ΑΕΒ
1154 4104 1195 4167 ab
1218 4100 1340 4183 angulo
1364 4100 1455 4162 recto
1478 4098 1505 4162 E

333 4214 617 4298 perpendicularis
639 4214 681 4278 ed
704 4214 791 4278 latus
813 4213 1000 4295 oppositum
1024 4214 1083 4279 ΑΒ
1104 4213 1204 4278 ducta
1220 4212 1264 4275 sit
1280 4211 1345 4285 ΕΒ,
1368 4208 1431 4294 erit
1450 4208 1506 4272 ΑΕ
1597 4250 1599 4253 -

334 4323 442 4387 media
464 4324 552 4387 iuter
574 4324 643 4399 ΒΑ,
667 4324 745 4399 ΑΒ,
768 4328 801 4386 et
824 4323 877 4389 ΒΕ
902 4323 1011 4386 media
1032 4324 1120 4386 inter
1142 4324 1216 4398 ΒΒ,
1242 4322 1320 4393 ΒΛ,
1343 4337 1401 4385 scu
1419 4321 1507 4384 iuter

337 4431 398 4507 m,
422 4430 479 4494 ΑΒ
503 4427 576 4516 (est
599 4429 686 4494 enim
708 4431 761 4493 Ful
780 4432 841 4511 ipsi
860 4432 914 4497 ΒΒ
933 4428 1106 4516 aequalis).
1126 4431 1276 4512 Cumque
1291 4432 1345 4495 ΑΒ
1364 4435 1506 4511 positum

338 4542 374 4605 sit
395 4559 468 4609 esse
490 4545 621 4623 tempus
646 4559 702 4621 per
717 4543 757 4614 Α,
771 4542 835 4604 erit
850 4541 908 4604 ΑΕ
933 4559 990 4605 seu
1015 4540 1067 4606 EC
1093 4546 1222 4623 tempus
1241 4558 1298 4621 pcr
1318 4547 1420 4605 totam
1438 4542 1504 4614 ΑΒ,

341 4655 366 4712 et
387 4652 442 4716 ΕΒ
466 4654 596 4731 tempus
620 4666 676 4730 per
700 4649 772 4721 nm
787 4666 866 4731 ergo
890 4649 1016 4729 reliqun
1031 4647 1091 4713 ‘BC
1116 4649 1179 4711 crit
1203 4654 1332 4730 tempus
1352 4667 1410 4731 per
1426 4648 1504 4715 reli-

340 4774 433 4837 qnam
460 4758 534 4821 FD:
562 4756 650 4837 qnod
674 4761 744 4819 erut
768 4758 941 4821 intentum.
