3925 5784
446 699 510 766 180
753 715 897 764 craneum
921 715 1024 762 nnana
1050 713 1152 763 sueva
1176 717 1303 763 seranna

444 838 468 902 il
486 843 575 901 muln
593 837 754 917 equalrile,
770 838 792 900 il
810 839 865 900 cui
882 837 986 917 grado
1005 836 1038 900 di
1057 834 1269 902 aduersaria
1287 836 1451 920 sudduplc
1466 838 1497 901 nl
1513 835 1622 918 grado

373 985 375 998 ·
445 945 602 1009 massimo
629 945 696 1017 CB;
728 945 866 1008 essentie
897 946 1032 1026 dunque
1067 948 1190 1027 passati
1215 946 1237 1009 li
1262 946 1327 1009 due
1350 946 1439 1026 spani
1464 945 1541 1020 AC,
1560 946 1621 1009 ΑΒ

442 1071 503 1119 con
529 1054 548 1116 l’
561 1054 676 1118 istesso
699 1060 789 1117 moto
810 1054 973 1134 equahile,
996 1048 1050 1135 gia
1073 1051 1092 1116 ὲ
1118 1054 1302 1128 manifesto,
1328 1072 1385 1136 per
1407 1055 1439 1119 la
1465 1055 1619 1137 proposi·

445 1165 538 1228 aiens
561 1165 667 1246 prima
692 1164 743 1227 del
770 1163 887 1243 primo,
903 1163 964 1227 cire
982 1163 991 1225 i
1013 1163 1113 1244 tempi
1130 1163 1181 1228 da·
1196 1164 1348 1245 passagpi
1364 1179 1507 1227 saranuo
1521 1180 1620 1229 come

444 1276 488 1358 gil
512 1276 601 1357 spazi
627 1274 810 1338 medesimi.

914 1443 1145 1506 Coruncanius.

533 1613 616 1674 ilinc
641 1610 820 1692 colligitur,
846 1615 994 1691 tempora
1018 1609 1235 1675 descensuum
1260 1627 1358 1691 super
1377 1609 1482 1691 planis
1502 1609 1619 1675 diver-

443 1718 569 1783 simode
593 1717 771 1793 inclinatis,
795 1718 874 1782 dum
899 1723 1010 1782 tamen
1034 1735 1149 1782 eorum
1173 1720 1288 1782 eadem
1312 1720 1356 1783 sit
1373 1719 1527 1792 elevatio,
1541 1735 1619 1782 esse

444 1827 530 1890 inter
552 1844 607 1895 se.
642 1830 679 1888 ut
702 1841 818 1888 eorum
844 1825 1078 1907 longitudines.
1110 1824 1143 1891 Si
1166 1826 1254 1889 enim
1280 1825 1487 1909 intelligatur
1521 1825 1618 1889 aliud

443 1934 577 2015 planum
601 1934 666 1996 ΑΜ
689 1949 731 1996 ex
754 1936 784 1996 Α
800 1931 842 1996 ad
858 1933 999 1996 eundem
1019 1933 1222 1997 horizontem
1240 1934 1293 2001 CB
1310 1935 1539 2008 terminatum,
1555 1934 1616 1998 de·

442 2042 680 2107 monstrabitur
715 2041 859 2122 pariter,
883 2048 1012 2123 tempus
1037 2042 1212 2106 descensus
1247 2059 1305 2124 per
1327 2043 1393 2107 ΑΜ
1416 2042 1457 2105 ad
1482 2047 1616 2122 tempus

443 2167 501 2231 per
526 2150 581 2213 ΑΒ
603 2168 695 2225 esse,
718 2154 757 2213 ut
778 2150 866 2213 linea
889 2151 955 2214 AM
978 2151 1021 2214 ud
1045 2152 1116 2223 AB:
1140 2157 1178 2216 ut
1200 2158 1311 2216 autem
1337 2158 1465 2233 tempus
1490 2153 1546 2217 ΑΒ
1573 2152 1615 2216 ad

442 2264 572 2339 ternpus
596 2275 653 2339 per
671 2257 737 2330 AC,
762 2258 808 2321 ila
829 2258 916 2323 linea
939 2259 995 2325 ΑΒ
1019 2257 1061 2322 ad
1084 2258 1155 2324 AC:
1180 2276 1319 2341 ergo-ex
1336 2259 1479 2339 aequali,
1494 2264 1533 2324 ut
1549 2260 1616 2330 ΑΜ
1705 2303 1709 2312 .

442 2362 573 2438 addc}
597 2364 645 2427 ita
668 2369 799 2445 tempus
824 2382 880 2445 per
904 2365 969 2429 ΑΜ
993 2367 1035 2430 ad
1060 2372 1188 2446 tempus
1212 2383 1269 2447 per
1291 2367 1355 2434 AC.

753 2525 1010 2600 ascensorii,
1033 2525 1220 2591 Paeresmm
1246 2527 1298 2592 Ν.

507 2726 511 2734 -
537 2686 687 2770 Tempora
710 2689 864 2753 tatianum
886 2708 984 2771 super
1003 2692 1107 2771 planis
1125 2692 1391 2775 aequaliterne}
1404 2697 1618 2781 inaequaliter

442 2797 613 2874 inclinatis,
633 2806 711 2862 sunl
730 2800 815 2862 inter
836 2818 868 2862 se
891 2802 924 2861 ia
947 2800 1102 2883 suddapta
1124 2803 1245 2866 ratione
1268 2804 1473 2872 elevationum
1496 2827 1617 2874 eorun-

443 2907 511 2970 dem
530 2909 701 2989 planarum
720 2911 926 2990 permutatim
949 2920 1086 2992 occepta.

533 3018 604 3083 Sint
627 3037 669 3081 ex
691 3020 805 3083 eodem
832 3021 972 3083 termino
996 3022 1021 3086 Β
1046 3019 1150 3110 (Βὲῃ.4
1165 3020 1230 3108 53)
1257 3025 1354 3106 plana
1372 3029 1537 3110 aequalia,
1559 3032 1615 3095 sed

448 3126 666 3208 inaequaliter
689 3130 858 3202 inclinata,
881 3132 948 3203 ΒΑ,
970 3131 1035 3204 ΒΕ,
1058 3139 1090 3195 et
1113 3134 1222 3197 ductis
1246 3135 1315 3210 ΑΕ,
1338 3136 1393 3203 Cli
1411 3137 1508 3204 lincis
1522 3140 1616 3205 hori·

447 3239 631 3304 dentalibus
665 3241 709 3306 ad
736 3242 1006 3323 perpendiculum
1031 3260 1135 3323 usque
1158 3244 1227 3308 BD:
1252 3251 1323 3309 esto
1355 3244 1443 3326 plani
1468 3250 1529 3313 ΒΑ
1547 3248 1616 3313 els-

444 3347 535 3410 vatio
558 3346 628 3419 ΒΕ,
652 3348 739 3427 plani
764 3366 844 3414 vero
866 3350 918 3415 BG
941 3351 1084 3415 elevatio
1107 3352 1150 3415 sil
1175 3353 1250 3429 ΒΒ,
1273 3359 1306 3417 et
1329 3357 1477 3436 ipsarum
1500 3358 1615 3424 eleva·

443 3457 570 3519 tionum
595 3455 660 3528 llil,
684 3458 738 3522 BE
755 3460 863 3523 media
882 3461 1133 3541 proportionalis
1153 3464 1195 3527 sit
1211 3464 1269 3536 Bi;
1287 3470 1429 3540 constat,
1448 3468 1614 3532 rationem

443 3563 498 3630 ΒΒ
522 3562 564 3626 ad
587 3565 627 3628 Bi
649 3582 721 3630 esse
742 3566 941 3649 sudduplam
965 3570 1104 3633 rationis
1123 3572 1177 3635 ΒΒ
1200 3571 1244 3634 ad
1267 3573 1332 3639 BE.
1357 3573 1438 3638 Ilico
1451 3573 1536 3656 iam,
1560 3594 1614 3640 ra-

443 3670 565 3737 tionem
590 3678 775 3754 temporum
799 3674 1028 3748 descensuum,
1052 3678 1290 3743 sectationum
1309 3698 1408 3763 super
1424 3681 1533 3763 planis
1547 3684 1613 3760 ΒΑ,

444 3781 506 3856 ΒΕ,
522 3800 593 3847 esse
611 3783 749 3847 eandem
767 3801 844 3849 cum
861 3785 989 3851 rati'ane
1009 3788 1063 3853 DB
1079 3789 1122 3852 ad
1139 3789 1180 3852 Bi
1196 3791 1409 3869 permutatim
1426 3779 1613 3875 assumpta:

444 3896 481 3956 ut
502 3891 630 3956 scilicet
645 3893 800 3973 temporis
817 3912 874 3974 per
891 3896 945 3958 ΒΑ
966 3896 1141 3979 homologa
1158 3898 1200 3962 sit
1216 3898 1359 3963 elevatio
1375 3899 1513 3966 alterius
1526 3903 1614 3984 plani

443 4000 510 4075 BC,
532 4018 650 4083 nempe
674 4001 743 4073 ΒΒ,
769 4006 924 4085 temporis
948 4022 1029 4069 vera
1053 4024 1110 4087 per
1132 4008 1184 4073 BC
1210 4007 1386 4093 homologa
1409 4010 1527 4076 sit-Bi.
1550 4012 1614 4076 lle·

444 4112 694 4175 monstrandum
720 4112 854 4193 proinde
876 4120 937 4190 est,
961 4120 1091 4196 tempus
1115 4134 1172 4198 per
1194 4119 1250 4188 Ba
1273 4119 1316 4182 ad
1341 4124 1470 4202 tempus
1489 4139 1548 4204 per
1563 4122 1613 4189 ltu

442 4237 524 4295 esse,
547 4228 585 4286 ut
607 4224 661 4289 DB
685 4224 728 4288 ad
751 4226 802 4290 Bi.
826 4226 976 4291 Ducatur
999 4228 1047 4301 is,
1070 4229 1133 4310 ipsi
1158 4230 1211 4297 DC
1235 4233 1475 4313 aequidistans;
1489 4237 1614 4318 etqula

438 4326 509 4408 iam
533 4332 792 4396 demonstratum
816 4340 876 4411 est,
899 4340 1028 4417 tempus
1052 4338 1226 4404 descensus
1257 4359 1315 4422 per
1337 4343 1392 4407 ΒΔ
1417 4344 1460 4409 ad
1483 4349 1613 4430 tempus

442 4453 540 4501 casus
564 4457 620 4519 per
644 4443 913 4522 perpendiculum
937 4448 991 4510 BE
1015 4465 1098 4521 esse,
1120 4455 1157 4512 ut
1174 4451 1247 4531 ipsa
1262 4451 1318 4516 ΒΑ
1334 4452 1377 4517 ad
1396 4455 1466 4519 BE:
1485 4434 1614 4539 tempus

443 4562 522 4610 vero
546 4566 601 4627 per
623 4550 676 4613 ΒΕ
700 4554 743 4616 ad
767 4560 896 4635 tempus
920 4573 978 4636 per
1001 4558 1069 4631 ΒΙ),
1099 4565 1136 4622 ut
1162 4562 1213 4625 ΒΕ
1238 4563 1280 4625 ad
1304 4563 1354 4635 ΒΙ,
1380 4568 1510 4646 tempus
1536 4585 1615 4632 vero

444 4671 501 4735 per
524 4656 579 4720 BD
601 4658 641 4722 ad
668 4667 796 4742 tempus
820 4682 877 4744 per
901 4665 965 4738 Bc,
990 4674 1027 4730 m
1052 4668 1107 4733 BD
1122 4671 1164 4733 ad
1182 4672 1247 4746 BG,
1263 4690 1321 4736 seu
1337 4675 1433 4741 Blad
1452 4677 1518 4750 BS3
1536 4696 1614 4762 ergo

443 4781 483 4829 ax
508 4749 638 4846 aequali
665 4772 792 4849 tempus
816 4789 872 4852 per
895 4774 950 4837 Ba
974 4774 1016 4838 ad
1042 4775 1171 4859 tempus
1196 4798 1253 4860 per
1276 4781 1327 4847 BC
1352 4783 1425 4861 erit,
1441 4792 1479 4849 nt
1501 4788 1556 4851 Ba
1572 4788 1614 4852 ad
